3008 5000
1424 508 1530 537 ss—
1626 470 1883 535 22-

608 647 869 712 biniano
938 647 1318 732 posterior.“
1434 646 1587 710 Pari
1661 646 1909 712 ratione
1978 647 2142 712 dixit
2209 647 2347 714 Cic.
2418 647 2605 715 Orat.
2655 652 2727 716 2:

613 750 829 834 „Nam
875 752 942 816 in
988 752 1198 837 poetis
1244 773 1373 816 non
1419 751 1713 816 Homero
1760 753 1937 817 solus
1982 752 2168 818 locus
2216 791 2298 802 -
2348 764 2460 820 aut
2491 754 2733 820 Archi-

608 854 798 920 locho
845 863 957 920 aut
1001 853 1310 941 Sophocli
1357 863 1468 918 aut
1513 854 1824 938 PindarO,
1871 857 1987 921 sed
2027 857 2256 922 horum
2286 859 2390 923 vel
2422 858 2732 926 secundis

609 959 714 1026 vel
784 961 977 1026 etiam
1045 961 1215 1026 infra
1287 960 1613 1026 secundos
1683 963 1725 1026 i.
1789 986 1844 1027 e.
1898 963 2002 1027 vel
2069 963 2261 1028 etiam
2316 964 2732 1031 inferioribus

612 1088 805 1150 quam
854 1066 1181 1132 secundis.

792 1168 956 1257 Cap.
1004 1175 1062 1235 7.
1130 1172 1348 1236 locum
1409 1181 1819 1257 corruptum:
1893 1172 2124 1256 „quod
2185 1173 2239 1239 si
2295 1197 2423 1239 non
2484 1174 2550 1239 in
2605 1175 2734 1240 alio

613 1275 819 1341 oritur
864 1298 987 1341 nec
1032 1277 1099 1340 in
1148 1276 1465 1343 codicillis
1499 1277 1731 1341 datur“
1771 1277 2216 1343 Andresenius
2254 1301 2482 1344 sanare
2514 1279 2737 1345 studet

614 1380 936 1446 scribens:
1015 1385 1235 1463 „quod
1306 1383 1446 1446 sine
1502 1384 2035 1446 commendatione
2093 1386 2400 1446 natalium
2453 1388 2736 1468 paritur,

613 1508 736 1551 nec
798 1485 1120 1551 codicillis
1179 1486 1432 1551 datur.“
1538 1486 1739 1551 Hunc
1794 1486 2012 1551 locum
2068 1486 2151 1551 ad
2205 1510 2327 1552 nos
2386 1512 2520 1553 non
2571 1489 2737 1555 inte-

567 1671 572 1675 <
613 1613 801 1677 grum
847 1590 1222 1675 pervenisse
1271 1613 1426 1655 sane
1457 1614 1577 1676 pro
1613 1589 1950 1676 explorato
1981 1590 2319 1674 habemus,
2364 1615 2487 1658 nec
2517 1602 2736 1659 tamen

616 1699 748 1761 alio
808 1695 1114 1760 vitiosum
1169 1704 1509 1781 putamus,
1557 1694 1673 1760 sed
1733 1694 1980 1779 aliquid
2042 1704 2193 1781 post
2235 1697 2506 1764 verbum
2553 1701 2739 1764 abire

615 1801 1029 1867 intercidisse
1089 1802 1446 1881 credimus,
1506 1802 1660 1885 quia
1712 1800 1842 1866 hoc
1902 1801 2263 1866 solitarium
2317 1804 2583 1869 omnino
2639 1805 2737 1868 in-

616 1907 824 1993 telligi
885 1908 1129 1991 nequit.
1237 1905 1416 1988 Quid
1460 1928 1617 1972 vero
1665 1905 2108 1971 interciderit?
2154 1907 2449 1990 Aliquid,
2493 1916 2567 1973 ut
2612 1920 2739 1974 tum

617 2012 1080 2098 anaphoricum
1110 2011 1378 2093 indicat,
1411 2012 1735 2077 sententia
1766 2010 2192 2076 antecedente
2218 2012 2409 2077 etiam
2436 2015 2740 2099 superius

619 2139 696 2180 ac
743 2117 1029 2203 gravius,
1084 2139 1279 2200 quam
1326 2115 1410 2181 ob
1460 2139 1723 2181 causam
1770 2120 1838 2180 in
1887 2119 2122 2182 coelum
2169 2128 2321 2202 post
2367 2120 2548 2182 abire
2593 2141 2743 2203 per-

619 2221 826 2287 ditum
873 2244 1015 2286 esse
1064 2221 1496 2306 suspicamur,
1546 2221 1698 2304 quia
1742 2219 1868 2285 hoc
1915 2220 2428 2287 additamentum
2475 2244 2625 2288 cum
2656 2222 2740 2288 ad

615 2325 819 2391 verba
865 2334 1262 2412 antegressa,
1309 2334 1447 2390 tum
1478 2325 1798 2409 imprimis
1831 2325 1913 2390 ad
1945 2326 2373 2410 insequentia,
2420 2326 2739 2412 siquidem

617 2430 726 2497 hic
784 2434 1036 2496 mecum
1096 2430 1287 2495 etiam
1346 2429 1748 2516 reposueris:
1810 2452 1985 2513 „nec
2043 2435 2101 2496 ei
2158 2432 2474 2498 codicillis
2524 2432 2738 2516 datur,

617 2558 740 2602 nec
787 2557 934 2600 cum
967 2535 1177 2623 gratia
1206 2536 1449 2618 venit“,
1496 2536 1905 2621 aptissimum
1937 2536 2215 2601 videtur.
2295 2537 2488 2603 Valet
2519 2547 2739 2603 autem

624 2644 805 2706 abire
859 2646 926 2705 in
988 2644 1225 2706 coelum
1278 2641 1322 2707 i.
1384 2664 1445 2725 q.
1502 2645 1570 2704 in
1628 2644 1861 2705 coelum
1925 2629 2130 2724 evehi,
2190 2645 2334 2707 tolli
2391 2645 2554 2724 ferri
2601 2643 2737 2708 sive

619 2749 706 2811 ad
751 2749 904 2811 deos
952 2749 1162 2827 evehi,
1210 2749 1337 2809 diis
1384 2748 1673 2826 misceri,
1730 2768 1894 2829 quae
1941 2755 2094 2810 sunt
2138 2747 2476 2812 notissima
2521 2747 2741 2812 Hora-

617 2852 811 2916 tiana.

798 2953 961 3041 Cap.
1014 2957 1114 3020 19.
1208 2954 1624 3020 Andresenio
1685 2955 2054 3039 corruptela
2108 2955 2310 3021 latere
2367 2954 2627 3021 videtur
2670 2956 2739 3021 in

620 3061 722 3125 his
795 3061 1039 3126 verbis:
1114 3083 1312 3141 „cum
1386 3059 1770 3124 condicione
1826 3068 2193 3144 temporum
2252 3070 2311 3125 et
2367 3060 2742 3127 diversitate

623 3167 875 3232 aurium
934 3167 1207 3230 formam
1268 3163 1529 3249 quoque
1586 3187 1665 3230 ac
1723 3166 2006 3250 speciem
2053 3166 2362 3231 orationis
2410 3188 2553 3232 esse
2602 3190 2744 3231 mu-

622 3271 888 3336 tandam
908 3274 966 3353 “,
1035 3271 1338 3353 quoniam
1407 3293 1539 3334 non
1609 3269 1949 3336 diversitas
2018 3271 2304 3353 aurium,
2374 3271 2489 3336 sed
2553 3295 2742 3338 aures

622 3378 840 3462 potius
902 3383 1248 3439 mutentur.
1362 3373 1708 3462 Corrigere
1767 3376 1967 3462 igitur
2023 3383 2294 3441 conatus
2352 3384 2479 3441 est:
2542 3397 2743 3458 „cum

625 3480 1009 3545 condicione
1055 3489 1421 3565 temporum
1471 3502 1553 3544 eae
1584 3480 1956 3545 diversitate
1988 3480 2259 3563 aurium,
2307 3480 2413 3546 mit
2446 3483 2553 3546 ben
2587 3481 2744 3564 Seite

624 3584 1027 3664 netbsiitniffen
1118 3584 1318 3668 qemi&
1398 3587 1493 3651 bet
1570 3585 2062 3665 Qerfffliebenbeit
2137 3587 2241 3650 be&
2320 3586 2740 3660 (ssefdymacrssss

626 3689 875 3755 Contra
921 3687 1190 3755 Osanno
1228 3688 1583 3776 judicanti,
1645 3690 1699 3754 si
1748 3712 1894 3754 cum
1943 3687 2328 3754 condicione
2373 3697 2743 3775 temporum

624 3796 833 3861 forma
878 3817 1137 3879 quoque
1187 3794 1498 3859 orationis
1546 3792 1857 3859 mutanda
1903 3794 2007 3876 sit,
2053 3815 2183 3857 non
2225 3794 2437 3859 solum
2468 3795 2744 3859 formam

626 3899 970 3977 orationis,
1032 3899 1148 3964 sed
1207 3900 1399 3963 etiam
1455 3897 1904 3964 condicionem
1951 3906 2316 3983 temporum
2359 3899 2745 3964 mutandum

627 4027 800 4085 esse,
858 4003 1033 4088 quod
1090 4004 1305 4068 dicere
1366 4003 1658 4087 ineptum
1718 4003 1921 4085 foret,
1968 4001 2299 4068 emendari
2344 4003 2622 4087 placuit,
2670 4026 2745 4086 „e

630 4108 1007 4174 condicione
1076 4118 1445 4194 temporum
1516 4117 1580 4173 et
1648 4107 2025 4172 diversitate
2094 4111 2492 4173 auditorum“
2565 4107 2744 4192 quod

630 4238 1017 4283 memorasse
1068 4214 1223 4281 satis
1272 4214 1609 4295 habemus,
1655 4221 1877 4303 utpote
1924 4214 2029 4279 hic
2061 4212 2221 4279 nihil
2254 4212 2743 4280 retractandum
