3008 5000
1115 458 1550 533 219...-

254 640 587 707 enuntiati
631 642 997 729 subjeetum
1029 642 1114 708 sit
1157 647 1378 708 horum
1409 664 1654 727 quoque
1685 653 2025 726 temporum
2070 640 2384 712 oratores.

260 746 437 811 Tam
483 755 699 812 autem
730 747 912 811 initio
943 748 1136 832 hujus
1170 747 1431 832 capitis:
1482 748 1776 835 „Magna
1808 748 2175 831 eloquentia
2219 750 2392 815 sicut

258 846 531 914 flamma
584 850 851 915 materia
906 851 1100 915 alitur
1167 860 1231 916 et
1298 851 1580 917 motibus
1628 852 1948 918 excitatur
2008 862 2075 917 et
2144 852 2390 917 urendo

262 953 590 1019 clarescit.
683 954 934 1021 Eadem
978 957 1143 1020 ratio
1203 957 1269 1020 in
1324 965 1549 1022 nostra
1606 978 1864 1042 quoque
1921 958 2182 1023 civitate
2229 958 2393 1022 anti-

262 1079 547 1140 quorum
592 1060 1027 1144 eloquentiam
1071 1061 1411 1146 provexit“
1458 1083 1653 1145 quam
1700 1083 1900 1127 causa
1944 1061 2158 1126 verbis
2196 1065 2395 1143 plura

265 1166 406 1227 sibi
451 1169 711 1247 assequi
754 1168 1132 1230 videbantur
1161 1164 1500 1250 adjuncta:
1550 1188 1793 1249 „quum
1839 1167 2059 1231 mixtis
2092 1166 2393 1230 omnibus
2464 1160 2474 1169 ’

266 1278 341 1333 et
396 1268 810 1336 moderatore
881 1292 1012 1335 uno
1080 1270 1450 1335 carentibus
1520 1279 1773 1335 tantum
1830 1273 2103 1354 quisque
2174 1282 2396 1335 orator

269 1383 558 1459 saperet,
604 1383 918 1459 quantum
950 1376 1188 1439 erranti
1220 1376 1465 1460 populo
1497 1375 1878 1460 persuaderi
1909 1379 2206 1461 poterat“
2238 1376 2394 1439 satis

275 1478 650 1545 declaratur
729 1479 1094 1566 subjectum
1165 1479 1345 1544 verbi
1412 1483 1792 1546 videbantur
1860 1482 2161 1563 antiquos
2230 1502 2396 1561 esse,

269 1605 490 1666 neque
519 1585 750 1648 horum
781 1593 1145 1670 temporum
1175 1593 1488 1667 oratores,
1523 1586 1634 1669 qui
1660 1585 2111 1650 enunciatione
2142 1592 2396 1650 tantum

269 1687 619 1774 interjecta
662 1690 996 1754 memorati
1038 1696 1209 1753 sunt.

456 1792 695 1878 Neque
754 1794 958 1879 pluris
1016 1791 1525 1874 aestimandum,
1583 1791 1760 1876 quod
1822 1791 2272 1857 Andresenius
2329 1792 2395 1856 in

273 1897 526 1963 verbis=
600 1909 958 1981 „quantum
1028 1898 1305 1981 quisque
1375 1900 1645 1962 orator“
1717 1920 1952 1962 nomen
2023 1908 2247 1963 orator
2316 1920 2396 1963 ex

274 2002 671 2088 glossemate
718 2012 932 2068 ortum
977 2004 1301 2088 opinatur,
1346 2024 1628 2086 namque
1675 2002 1936 2067 minime
1984 2002 2289 2070 abundat.

456 2106 682 2172 Verba
753 2108 1131 2191 sequentia:
1222 2106 1424 2188 „hinc
1500 2108 1953 2172 accusationes
2030 2109 2394 2193 potentium

276 2233 531 2276 reorum
597 2211 1010 2276 Andresenio
1079 2212 1483 2276 stomachum
1551 2211 1967 2277 vehementer
2034 2223 2397 2294 moverunt,

280 2325 357 2380 ut
415 2314 839 2381 substitueret
899 2315 1092 2398 „hinc
1152 2316 1600 2381 accusationes
1656 2318 2018 2402 potentium
2072 2320 2393 2382 virorum“

279 2442 452 2506 quae
521 2429 622 2486 est
687 2420 903 2485 Nastii
970 2421 1181 2485 versio
1253 2423 1479 2505 „babet
1537 2420 1628 2487 bie
1687 2422 2046 2507 bestdnbigen
2105 2423 2397 2507 anflctgen

276 2528 581 2611 mc’icbtiqet
637 2528 1000 2610 {Betfonenst
1107 2524 1277 2592 Sane
1336 2526 1785 2592 Andresenius
1843 2528 2103 2593 nomine
2150 2549 2398 2593 reorum

275 2631 389 2697 hic
433 2635 574 2718 jam
630 2643 972 2698 accusatos
1030 2630 1360 2718 designari
1420 2632 1690 2698 credens
1737 2632 2076 2697 molestam
2121 2634 2400 2698 tautolo-

277 2736 458 2822 giam
512 2737 636 2802 sibi
689 2737 1016 2802 invenisse
1073 2735 1366 2819 videtur,
1425 2759 1590 2821 quae
1636 2760 1765 2801 non
1816 2738 1944 2822 ipsi
1990 2738 2239 2802 auctori
2286 2760 2400 2802 an-

275 2840 499 2924 tique,
555 2840 672 2906 sed
728 2844 866 2928 ejus
920 2841 1112 2907 modo
1169 2843 1509 2928 interpreti
1568 2841 1952 2907 ascribenda
2009 2850 2127 2906 est.
2246 2840 2399 2908 Sole

280 2945 455 3011 enim
514 2945 831 3011 illustrius
878 2955 944 3010 et
991 2947 1227 3011 clarius
1274 2954 1407 3029 est,
1440 2946 1921 3010 ‘accusationes
1967 2969 2100 3009 non
2147 2945 2226 3009 ad
2262 2948 2401 3031 jam

279 3059 626 3115 accusatos
695 3058 1026 3136 spectare,
1095 3050 1211 3116 sed
1271 3050 1355 3114 ad
1411 3050 1802 3138 arguendos.
1907 3049 2175 3117 Scilicet
2219 3060 2403 3115 actor

275 3154 557 3239 primum
633 3152 987 3219 accusandi
1061 3162 1459 3239 potestatem
1535 3178 1572 3219 a
1638 3163 1939 3240 praetore
2007 3153 2403 3239 postulabat,
2473 3172 2481 3180 ·

279 3258 517 3338 deinde
564 3282 641 3324 ea
682 3260 1028 3346 impetrata
1083 3283 1320 3325 nomen
1367 3260 1721 3326 accusandi
1767 3259 2101 3325 deferebat
2144 3259 2403 3325 eodem-

284 3387 413 3448 que
458 3388 497 3429 a
542 3373 847 3449 praetore
883 3366 949 3429 in
995 3386 1142 3431 reos
1189 3366 1393 3430 relato
1440 3374 1693 3431 sontem
1733 3364 2107 3447 accusabat,
2156 3366 2401 3430 crimen

281 3469 500 3555 ipsum
546 3491 877 3556 exponens
925 3478 991 3535 et
1036 3471 1433 3557 argumentis
1478 3470 1885 3553 testibusque
1919 3468 2226 3555 probanS,
2275 3492 2402 3553 quo

281 3573 546 3640 demum
590 3575 768 3640 facto
814 3598 964 3641 reus
1012 3586 1150 3640 erat
1193 3583 1560 3641 accusatus.
1631 3574 1765 3639 cfr.
1799 3573 1941 3640 Cic.
1976 3573 2055 3639 de
2090 3572 2275 3640 Orat.
2308 3574 2401 3658 ΙΙ,

280 3679 368 3743 43
413 3679 595 3764 (79):
653 3678 881 3759 „Reos
941 3688 1157 3744 autem
1215 3679 1473 3765 appello
1520 3701 1650 3758 non
1697 3701 1807 3744 eos
1856 3678 2088 3761 mod0‚
2143 3679 2257 3763 qui
2293 3693 2404 3744 'ar-

281 3788 615 3871 guuntur“
668 3794 793 3849 cet.
883 3785 1040 3849 Tac.
1076 3786 1250 3849 Ann.
1282 3785 1371 3866 Π,
1406 3786 1489 3848 74
1536 3794 1698 3850 extr.
1751 3785 2064 3865 „crimina
2101 3793 2168 3848 et
2211 3806 2402 3849 accu-

279 3889 599 3955 sationem
656 3900 964 3974 tanquam
1024 3889 1335 3955 adversus
1394 3899 1695 3975 receptos
1745 3892 1881 3975 jam
1928 3911 2075 3953 reos
2120 3889 2404 3954 instrue-

275 3992 495 4061 bant.“
590 3993 876 4059 Proinde
930 4004 1155 4060 nostro
1202 3995 1350 4059 loco
1396 4016 1646 4059 reorum
1691 3994 1729 4057 i.
1781 4003 1881 4058 est
1925 4016 1988 4077 q.
2035 3998 2405 4075 noxiorum,

276 4097 473 4163 sicuti
527 4098 593 4162 in
650 4099 990 4164 notissima
1047 4098 1307 4164 dicendi
1351 4098 1632 4163 formula
1678 4102 1948 4181 aliquem
1992 4120 2161 4162 reum
2208 4120 2402 4180 aqere

275 4195 465 4289 (Tac.
515 4206 681 4270 Ann.
716 4204 840 4286 ΙΙΙ,
892 4207 991 4268 13.
1054 4204 1199 4269 Liv.
1236 4203 1502 4285 XXIV,
1537 4205 1653 4287 25)
1699 4202 1985 4268 nondum
2018 4226 2094 4268 ea
2124 4203 2391 4288 quidem

1943 4315 2013 4370 2.
