3008 5000
1157 484 1594 546 -47-

304 669 384 725 et
431 668 662 725 natura
708 663 955 745 pater,“
1004 658 1178 745 apud
1223 658 1485 723 Livium
1519 657 1744 741 XLII,
1778 660 1895 722 52:
1963 657 2117 743 Ipse
2151 658 2442 723 constitit

302 766 384 829 in
431 764 761 846 tribunali,
818 766 991 829 circa
1037 786 1105 828 se
1152 763 1396 829 habens
1444 764 1609 829 filios
1660 762 1852 828 duos:
1911 787 2185 847 quorum
2232 765 2440 848 major

306 871 688 957 Philippus,
737 880 965 935 natura
1020 871 1238 952 frater,
1297 870 1643 955 adoptione
1702 869 1895 951 filius,
1955 870 2186 950 minor,
2245 892 2435 953 quem

306 976 762 1041 Alexandrum
813 976 1158 1057 vocabant,
1206 974 1518 1039 naturalis
1567 978 1765 1038 erat.“

495 1078 683 1164 Cap.
732 1082 832 1146 18.
900 1079 1069 1143 med.
1139 1080 1204 1143 in
1276 1077 1615 1143 codicibus
1685 1078 1846 1143 haec
1915 1087 2200 1142 exstant:
2275 1077 2440 1157 „hoc

301 1185 573 1249 interim
621 1184 933 1270 probasse
981 1192 1325 1249 contentus
1360 1206 1525 1264 sum,
1560 1207 1689 1246 non
1725 1205 1868 1247 6886
1901 1206 2100 1246 unum
2134 1182 2440 1265 eloquen-

304 1290 448 1354 tiae
492 1289 766 1370 vultum,
816 1287 930 1353 sed
976 1288 1043 1351 in
1088 1287 1214 1352 illis
1263 1310 1542 1371 quoque,
1590 1310 1753 1370 quos
1800 1287 2047 1352 vocatis
2106 1287 2434 1369 antiquOS,

305 1394 536 1480 plures
583 1393 833 1478 species
866 1391 1290 1477 deprehendi,
1338 1414 1457 1456 nec
1489 1393 1708 1456 statim
1746 1391 2030 1455 deterius
2063 1413 2228 1472 esse,
2260 1390 2439 1473 quod

312 1498 645 1563 diversum
695 1506 821 1574 est;
871 1497 1031 1561 vitio
1088 1506 1304 1561 autem
1364 1496 1789 1582 malignitatis
1848 1495 2166 1560 humanae
2222 1504 2440 1559 vetera

311 1626 573 1689 semper
615 1604 681 1667 in
728 1602 919 1667 laude
965 1602 1332 1687 praesentia
1377 1603 1444 1665 in
1475 1601 1739 1666 fastidio
1784 1606 1945 1666 esse.
2037 1600 2218 1665 Num
2251 1599 2439 1664 dubi-

308 1717 528 1772 tamus
574 1709 892 1788 inventos,
940 1707 1052 1790 qui
1094 1728 1215 1787 pro
1267 1703 1516 1769 Catone
1566 1706 1857 1790 Appium
1903 1702 2188 1769 Caecum
2234 1708 2440 1787 mayis

312 1810 749 1875 mirarentur?
841 1808 1108 1893 „Quum
1139 1809 1338 1873 verba
1365 1831 1487 1891 pro
1523 1820 1588 1874 et
1632 1814 1838 1892 maqis
1885 1833 2015 1873 non
2063 1809 2251 1874 simul
2285 1808 2436 1873 ferri

309 1937 511 2000 posse
558 1915 922 1997 videantur,
969 1914 1424 1980 Andresenius
1482 1937 1714 1979 vocem
1758 1919 1964 1995 mayis
2025 1914 2226 1978 deleri
2284 1914 2439 1979 vult.

321 2019 668 2084 Leniorem
700 2027 915 2084 autem
963 2019 1280 2083 medelam
1328 2017 1592 2100 habeaS,
1639 2019 1693 2083 si
1729 2041 1873 2083 cum
1908 2016 2241 2083 Groslotio
2280 2040 2440 2099 prae

314 2125 567 2190 scribas
644 2124 1035 2189 vocabulum
1106 2130 1312 2206 mayis
1381 2120 1669 2189 servans,
1796 2123 2106 2190 Similiter
2181 2125 2444 2209 scripsit

311 2229 505 2295 Caes.
555 2231 629 2293 B.
680 2228 763 2294 G.
812 2229 903 2310 H,
951 2230 1066 2294 30:
1138 2227 1346 2294 Gallis
1394 2252 1549 2313 prae
1596 2227 2042 2315 magnitudine
2089 2251 2435 2313 corporum

311 2357 583 2399 suorum
608 2334 889 2398 brevitas
937 2342 1160 2398 nostra
1186 2334 1586 2418 contemptui
1619 2343 1776 2400 erat.
1828 2330 1962 2398 Cic.
1993 2333 2178 2397 Verr.
2206 2333 2296 2415 II,
2329 2334 2438 2397 13:

313 2448 391 2503 ut
435 2439 575 2524 ipse
625 2438 851 2504 consul
897 2438 963 2502 in
1012 2437 1134 2503 hac
1183 2460 1380 2503 causa
1426 2461 1583 2523 prae
1632 2462 1733 2504 me
1766 2438 1976 2504 minus
2021 2439 2214 2505 etiam
2247 2462 2437 2523 quarn

319 2544 613 2629 privatus
661 2567 804 2610 esse
851 2544 1166 2609 videatur.
1261 2544 1493 2628 Neque
1552 2555 1771 2610 tamen
1818 2545 2076 2610 silentio
2137 2545 2445 2609 dissimu-·

314 2650 616 2732 laverim,
684 2672 846 2714 voce
910 2671 1070 2732 prae
1138 2650 1426 2734 reposita
1482 2654 1686 2731 mayis
1756 2651 2017 2735 proprie
2087 2650 2438 2732 abundare,

314 2778 595 2838 namque
645 2778 841 2839 „prae
890 2753 1139 2819 Catone
1174 2756 1463 2840 Appium
1497 2754 1787 2821 Caecum
1830 2756 2087 2819 mirari“
2115 2757 2247 2841 jam
2288 2757 2442 2841 sigi-

311 2860 471 2924 ficat
518 2857 809 2941 „Catone
845 2860 1135 2945 Appium
1184 2857 1468 2924 Caecum
1516 2860 1720 2946 magis
1753 2860 2031 2925 mirari.“
2097 2858 2227 2926 Sed
2262 2860 2443 2945 pleo-

314 2987 579 3030 nasmos
626 2965 818 3051 hujus
865 2965 1121 3052 generis
1171 2965 1362 3029 etiam
1411 2965 1587 3049 apud
1635 2966 1916 3050 optimos
1963 2974 2266 3030 auctores
2314 2988 2442 3028 non

312 3070 411 3134 ita
453 3093 599 3134 raro
647 3069 1029 3134 invenimus.
1125 3067 1259 3133 Cfr.
1311 3069 1574 3158 Zumpt.
1623 3095 1891 3157 gramm.
1937 3070 2049 3137 lat.
2100 3070 2137 3154 ξ
2188 3071 2336 3134 747.

497 3171 658 3258 Cap.
723 3176 825 3239 20.
896 3175 964 3238 in
1034 3174 1406 3237 enunciato:
1478 3174 1882 3258 „praecurrit
1952 3173 2074 3238 hoc
2144 3183 2439 3258 tempore

304 3275 515 3363 judex
547 3277 870 3342 dicentem
902 3288 967 3342 et
996 3278 1117 3342 nisi
1153 3288 1263 3341 aut
1293 3299 1487 3341 cursu
1522 3286 2048 3363 argumentorum
2084 3287 2194 3343 aut
2225 3279 2439 3343 colore

317 3380 783 3445 sententiarum
831 3389 943 3445 aut
986 3382 1193 3445 nitore
1243 3390 1306 3445 et
1351 3381 1532 3446 cultu
1580 3382 2088 3466 descriptionum
2133 3382 2439 3447 invitatus

317 3494 386 3549 et
433 3463 781 3570 corruptus
828 3495 946 3567 est,
994 3495 1328 3551 aversatur
1384 3485 1748 3550 dicentem“
1810 3486 2079 3551 verbum
2139 3490 2442 3551 dicentem

321 3600 469 3675 apte
516 3590 863 3675 repetitum
911 3600 1106 3674 puto;
1165 3589 1342 3672 quod
1388 3591 1442 3654 si
1490 3590 1777 3672 deesset,
1835 3613 1964 3655 non
2024 3591 2237 3656 statim
2288 3614 2436 3675 per-

321 3694 636 3779 spicereS,
683 3717 812 3778 quo
860 3694 1215 3780 pertineret
1262 3706 1619 3759 aversatur.
2126 3770 2132 3775 .

498 3796 659 3883 Cap.
708 3801 811 3863 26.
861 3798 1030 3863 med.
1078 3798 1158 3863 de
1207 3796 1440 3864 Cassio
1490 3798 1736 3865 Severo
1783 3798 1910 3863 hoc
1940 3800 2097 3864 facit
2128 3799 2442 3865 Messalla

311 3900 666 3987 judicium:
730 3902 1073 3986 „equidem
1134 3927 1263 3968 non
1316 3905 1688 3990 negaverim
1743 3900 2048 3969 Cassium
2102 3902 2438 3985 Severum,

323 4028 514 4090 quem
562 4007 771 4072 solum
816 4008 1001 4092 Aper
1046 4016 1265 4071 noster
1295 4009 1628 4072 nominare
1661 4030 1856 4073 ausus
1888 4017 2005 4091 est,
2049 4008 2103 4074 si
2151 4010 2232 4074 iis
2266 4032 2441 4075 com-

323 4121 611 4197 paretur,
643 4113 752 4196 qui
783 4122 1011 4199 postea
1039 4113 1324 4195 fuerunt,
1355 4136 1550 4198 posse
1584 4123 1910 4179 oratorem
1942 4114 2182 4197 vocari,
2217 4137 2439 4197 quam-

324 4239 516 4299 quam
564 4218 631 4281 in
678 4240 915 4303 magna
957 4226 1138 4302 parte
1185 4216 1494 4282 librorum
1552 4242 1811 4283 suorum
1858 4219 2009 4304 plus
2055 4223 2154 4284 vis
2200 4218 2440 4286 habeat
