3008 5000
1126 463 1562 526 -25-

465 642 515 710 J
516 666 619 709 am
665 640 751 708 ad
793 641 1063 706 lacunas
1106 637 1694 727 transgrediamur,
1741 657 1904 721 quas
1951 633 2402 702 Andresenius

279 750 613 817 invenisse
661 748 785 814 sibi
832 746 1011 812 visus
1074 753 1194 812 est.

467 854 571 919 Ac
629 852 912 939 primum
972 849 1236 935 quidem
1296 847 1485 917 nobis
1534 846 1615 912 de
1660 845 1873 913 tribus
1917 848 2090 912 inter
2135 868 2207 913 se
2254 868 2407 912 con-

281 958 475 1024 nexis
521 957 685 1023 locis
733 953 1078 1021 dicendum
1125 963 1244 1020 est.
1319 953 1680 1037 Postquam
1709 952 2055 1019 Maternus
2095 948 2406 1018 laetitiam

285 1086 476 1128 suam
523 1061 604 1127 de
653 1059 877 1148 judice
933 1058 1059 1124 sibi
1106 1057 1326 1124 oblato
1373 1052 1750 1141 declaravit,
1797 1056 2141 1124 Secundus
2188 1079 2332 1143 cap.
2365 1057 2404 1121 5

285 1168 463 1233 init:
539 1189 716 1252 „ego
771 1187 962 1246 vero,
1018 1163 1261 1248 inquit,
1318 1171 1665 1246 antequam
1724 1186 1826 1228 me
1876 1161 2170 1249 judicem
2227 1164 2409 1248 Aper

288 1281 583 1355 recuset,
640 1269 877 1335 faciam
937 1267 1114 1352 quod
1170 1267 1357 1355 probi
1411 1276 1475 1332 et
1521 1268 1835 1334 moderati
1871 1267 2131 1355 judices
2178 1267 2413 1349 solent,

288 1388 368 1443 ut
432 1377 501 1441 in
564 1375 645 1441 iis
702 1372 1183 1461 cognitionibus
1244 1396 1317 1439 se
1373 1383 1725 1456 excusent,
1779 1373 1847 1437 in
1906 1371 2145 1457 quibus
2205 1372 2410 1438 mani-

288 1484 531 1550 festum
577 1490 700 1564 est,
745 1480 1016 1545 alteram
1060 1478 1237 1565 apud
1284 1501 1395 1544 eos
1443 1487 1693 1565 partem
1734 1479 1944 1567 gratia
1970 1477 2407 1565 praevalere.“

292 1586 450 1670 Qua
494 1585 1078 1671 comprehensione
1125 1607 1324 1669 quum
1372 1584 1818 1650 Andresenius
1850 1582 2226 1651 Secundum
2271 1606 2413 1650 mu-

292 1714 421 1758 nus
477 1690 702 1756 arbitri
766 1712 1033 1776 prorsus
1102 1713 1412 1775 respuere
1471 1689 1804 1775 opinetur,
1863 1689 1927 1754 in
1987 1689 2205 1756 verbis
2259 1688 2414 1755 sub-

293 1793 760 1881 sequentibus:
834 1814 1156 1877 „securus
1228 1794 1312 1859 sit
1379 1792 1633 1880 Salejus
1690 1794 1939 1860 Bassus
1997 1802 2064 1861 et
2117 1793 2413 1879 quisquis

289 1900 464 1966 alius
512 1898 803 1964 studium
846 1899 1155 1984 poeticae
1188 1907 1253 1964 et
1284 1898 1638 1964 carminum
1669 1898 1943 1986 gloriam
1972 1899 2171 1982 fovet,
2218 1920 2416 1982 quum

290 2026 532 2071 causas
578 2027 770 2091 agere
817 2027 946 2069 non
991 2004 1217 2090 possit.
1319 2004 1468 2091 Ego
1516 2005 1688 2069 enim
1734 2013 2052 2089 quatenus
2099 2004 2416 2070 arbitrum

294 2108 435 2173 litis
479 2108 674 2194 hujus
706 2107 945 2190 inveni,
976 2131 1105 2172 non
1138 2108 1350 2193 patiar
1378 2108 1755 2172 Maternum
1788 2110 2099 2174 societate
2132 2108 2417 2194 plurium

298 2212 585 2296 defendi,
629 2211 748 2278 sed
790 2212 1006 2298 ipsum
1052 2213 1261 2279 solum
1307 2212 1480 2298 apud
1516 2236 1663 2279 eum
1701 2236 1991 2300 arguam,
2038 2212 2254 2298 quod“
2292 2220 2415 2278 cet.

297 2317 484 2383 libris
547 2317 795 2402 aliquot
850 2320 1124 2382 inveniri
1183 2317 1641 2384 exhibentibus
1700 2317 1961 2404 adjutus
2011 2317 2172 2384 duas
2219 2339 2416 2384 voces

302 2422 570 2511 conjicit
625 2422 1071 2507 intercidisse,
1125 2431 1199 2487 ut
1243 2424 1562 2510 scriptum
1607 2424 1688 2489 ab
1735 2437 1996 2489 auctore
2043 2423 2159 2489 sit:
2221 2446 2420 2508 „qua-

272 2532 495 2596 ’tenus
542 2528 856 2594 arbitrum
900 2529 1033 2595 litis
1079 2530 1275 2616 hujus
1320 2533 1596 2595 inveniri
1642 2552 1769 2596 non
1811 2540 1987 2614 puto,
2035 2554 2166 2595 non
2210 2530 2425 2615 patiar

301 2635 683 2718 Maternum
737 2635 1048 2702 societate
1109 2636 1395 2721 plurium
1450 2635 1758 2714 defendi“
1821 2636 1864 2700 i.
1924 2659 1981 2702 e.
2041 2636 2423 2721 „quoniam,

301 2748 653 2827 postquam
711 2739 1056 2807 Secundus
1118 2740 1405 2807 delatum
1464 2741 1549 2807 ad
1607 2764 1677 2807 se
1726 2740 2049 2829 judicium
2094 2741 2425 2827 suscipere

305 2868 377 2912 se
423 2846 594 2911 nolle
639 2848 974 2932 professus
1021 2856 1154 2930 est,
1203 2848 1314 2932 qui
1360 2871 1527 2913 unus
1573 2856 1754 2913 tanto
1802 2847 2055 2913 muneri
2100 2869 2220 2933 par
2263 2855 2424 2931 erat,

304 2949 503 3015 alium
548 2950 863 3017 arbitrum
909 2953 1101 3039 hujus
1146 2953 1277 3018 litis
1325 2953 1601 3018 inveniri
1648 2976 1780 3018 non
1814 2960 2001 3038 puto,
2048 2975 2238 3037 quam
2259 2955 2425 3039 jam·

303 3054 419 3120 diu
480 3054 619 3119 sine
675 3055 808 3120 ullo
859 3055 1085 3142 judice
1153 3057 1470 3144 agimus.“
1593 3057 1940 3122 Praeterea
1995 3080 2115 3142 pro
2172 3057 2422 3123 verbis:

309 3158 472 3243 „sed
528 3159 744 3244 ipsum
802 3160 1009 3226 solum
1058 3160 1234 3246 apud
1288 3183 1433 3225 eum
1491 3164 1813 3248 arguam“
1874 3160 2054 3246 quod
2112 3184 2188 3227 ea
2243 3161 2424 3227 nullo

301 3263 549 3329 arbitro
596 3274 937 3350 praesente
983 3266 1092 3331 isti
1139 3266 1684 3353 argumentationi
1744 3289 2109 3354 repugnare
2164 3265 2428 3332 videan-

303 3378 445 3452 tur,
502 3368 854 3456 legendum
908 3393 1055 3439 esse
1102 3371 1457 3436 existimat:
1523 3371 1683 3452 „sed
1737 3372 1949 3457 ipsum
1998 3370 2209 3437 solum
2257 3375 2429 3455 apud

304 3496 377 3539 se
423 3480 830 3557 coarquam.“
925 3473 1123 3557 Quod
1169 3476 1501 3541 inventum
1535 3474 1725 3541 nobis
1761 3476 2114 3561 permirum
2145 3475 2424 3541 videtur.

304 3578 667 3662 Postquam
737 3580 905 3644 enim
974 3579 1316 3647 Maternus
1385 3579 1763 3647 Secundum
1833 3581 2149 3647 arbitrum
2211 3581 2429 3670 desig-

304 3683 520 3765 navit,
578 3683 685 3748 hic
745 3706 816 3749 se
876 3684 1212 3751 arbitrium
1258 3708 1390 3750 non
1435 3695 1572 3750 tam
1616 3686 1947 3772 suscipere
1993 3685 2185 3769 dicit,
2231 3709 2428 3770 quam

304 3786 467 3874 pati,
515 3796 587 3852 ut
632 3789 816 3873 Aper
872 3790 1087 3876 ipsum
1134 3789 1449 3856 arbitrum
1507 3798 1860 3858 recusaret.
1963 3792 2147 3877 Aper
2210 3798 2429 3857 autem

304 3890 525 3972 verbis
585 3902 963 3978 „quatenus
1027 3894 1342 3961 arbitrum
1399 3895 1594 3983 hujus
1650 3896 1780 3962 litis
1834 3895 2097 3962 inveni“
2143 3892 2431 3964 Secundi

307 3996 793 4064 excusationem
840 4022 910 4065 se
956 4023 1088 4066 non
1136 4001 1431 4087 accipere
1478 4001 1587 4066 ait.
1679 3998 2034 4067 Sententiis
2079 4000 2277 4089 igitur
2319 4022 2429 4066 ac-

304 4100 597 4175 curatius
651 4104 1060 4194 perlustratis
1116 4104 1602 4178 Andresenium
1658 4127 1790 4171 non
1846 4103 2057 4176 solum
2111 4104 2428 4183 sermonis
