3008 5000
1442 447 1884 509 -44-

614 620 855 684 saeculi
887 621 1361 685 controversias
1390 621 1577 697 tueri,
1625 622 1690 685 in
1723 620 1957 705 quibus
1990 626 2338 706 expressiS,
2372 622 2426 687 si
2462 623 2736 706 quando

612 748 877 790 necesse
947 727 1030 790 sit
1095 750 1212 812 pro
1281 726 1689 813 periclitante
1761 727 1967 791 amico
2035 727 2471 812 potentiorum
2533 752 2736 794 aures

614 830 971 912 offendere,
1035 839 1100 893 et
1165 831 1438 915 probata
1510 831 1593 894 sit
1655 830 1817 896 fides
1891 840 1956 896 et
2026 831 2284 896 libertas
2350 839 2733 898 excusata.“

613 935 765 999 Hoc
811 937 954 999 loco
986 935 1433 1019 Andresenius
1463 937 1858 1001 tutissimum
1897 948 2119 1001 censet
2151 937 2485 1003 Halmium
2518 939 2739 1023 sequi,

614 1041 722 1124 qui
769 1041 1156 1105 vocabulum
1205 1046 1534 1123 cmpressis
1575 1051 1649 1106 ut
1680 1050 1789 1106 aut
1820 1042 2240 1128 depravatum
2274 1053 2387 1107 aut
2417 1044 2497 1107 ab
2530 1045 2740 1109 inter-

603 1145 901 1230 polatore
959 1145 1284 1230 adjectum
1340 1134 1528 1211 uncis
1587 1146 1867 1210 inclusit.
1976 1145 2319 1214 Schulzius
2379 1157 2606 1214 contra
2664 1159 2740 1216 et

612 1250 1039 1315 Heumannus
1110 1249 1282 1315 idem
1353 1260 1663 1334 tanquam
1735 1251 1816 1315 ab
1882 1252 2106 1336 inepto
2165 1253 2526 1339 glossatore
2580 1278 2739 1339 pro-

612 1356 854 1419 fectum
917 1355 1311 1420 deleverunt.
1419 1355 1590 1422 Sane
1650 1362 1979 1438 empressis
2038 1357 2216 1421 nulla
2273 1359 2519 1423 ratione
2576 1371 2735 1445 apte

614 1460 928 1544 explicari
986 1469 1205 1545 potest
1260 1460 1375 1524 sed
1435 1484 1636 1544 quum
1698 1486 1735 1526 a
1780 1462 2054 1525 librariis
2102 1462 2488 1528 creberrime
2535 1488 2738 1530 voca-

614 1566 764 1629 bula
820 1574 957 1629 tum
1019 1565 1103 1630 ad
1161 1565 1645 1646 antecedentia,
1703 1575 1839 1630 tum
1897 1566 1977 1630 ad
2035 1567 2444 1651 insequentia
2495 1570 2734 1636 inscite

613 1669 920 1755 adaptata
986 1693 1127 1735 esse
1198 1670 1606 1735 notissimum
1676 1671 1796 1751 sit,
1864 1680 2193 1735 auctorem
2267 1672 2542 1737 arbitror
2599 1698 2733 1740 non

613 1780 938 1858 expressis
988 1775 1103 1839 sed
1150 1797 1452 1856 expresse
1500 1797 1824 1840 exarasse.

792 1878 951 1965 Cap.
988 1882 1091 1945 21.
1153 1880 1280 1944 hoc
1342 1889 1555 1944 exstat
1603 1880 1770 1965 Apri
1830 1880 1911 1945 de
1959 1878 2283 1946 Caelianis
2330 1883 2733 1950 orationibus

606 1984 956 2071 judicium:
1033 1982 1282 2068 „quidP
1343 2008 1423 2049 ex
1483 1982 1810 2049 Caelianis
1866 1985 2267 2050 orationibus
2326 2009 2557 2073 nempe
2615 2012 2732 2054 eae

609 2089 899 2174 placent,
969 2088 1102 2153 sive
1175 2089 1516 2154 universae
1588 2088 1723 2153 sive
1783 2097 1999 2173 partes
2057 2111 2311 2169 earum,
2367 2090 2430 2154 in
2490 2092 2734 2175 quibus

609 2194 884 2260 nitorem
954 2202 1018 2257 et
1084 2193 1489 2258 altitudinem
1557 2194 1788 2258 horum
1866 2203 2228 2278 temporum
2292 2178 2736 2280 agnoscimus,

610 2298 834 2363 sordes
883 2307 1096 2363 autem
1145 2298 1291 2363 illae
1338 2299 1681 2363 verborum
1740 2306 1805 2383 et
1849 2296 2036 2362 hians
2087 2299 2469 2383 compositio
2519 2310 2584 2364 et
2630 2302 2737 2366 in-

611 2404 851 2470 conditi
908 2425 1134 2468 sensus
1192 2403 1487 2467 redolent
1534 2403 2044 2487 antiquitatem.“
2139 2402 2546 2470 Andresenio
2596 2406 2738 2471 dis-

612 2510 809 2594 plicet
877 2533 1005 2573 vox
1061 2512 1246 2590 illae,
1318 2508 1496 2593 quod
1566 2508 1935 2593 ubicunque
1995 2533 2351 2594 pronomen
2413 2514 2520 2575 ille
2580 2533 2736 2576 cum

612 2615 1019 2680 substantivo
1081 2617 1380 2700 junctum
1437 2614 1503 2677 id
1564 2614 1918 2700 significet,
1985 2613 2157 2698 quod
2218 2623 2503 2696 constet,
2563 2639 2738 2680 nun-

612 2743 805 2803 quam
867 2719 991 2783 hoc
1048 2718 1525 2784 substantivum
1574 2726 1685 2782 aut
1730 2717 2051 2803 adjectivo
2102 2718 2318 2802 aliquo
2366 2730 2479 2783 aut
2527 2743 2738 2784 enun-

610 2825 771 2887 tiato
828 2823 1097 2886 relativo
1156 2831 1267 2886 aut
1327 2830 1603 2906 utroque
1653 2832 1891 2889 careat.
1986 2822 2187 2907 Apud
2237 2822 2449 2908 ipsum
2499 2835 2736 2888 aucto-

612 2953 745 2993 rem
794 2936 1087 2993 nostrum
1130 2928 1488 3013 reperimus
1527 2928 1667 3012 ca'p.
1711 2930 1819 2991 19:
1872 2927 2319 3008 „transtulisse
2353 2950 2422 2993 se
2456 2926 2537 2993 ad
2570 2932 2742 2993 illud

612 3033 871 3097 dicendi
916 3035 1184 3119 genus.“

792 3135 953 3223 Cap.
994 3139 1093 3202 10.
1191 3140 1370 3222 Aper
1421 3136 1586 3201 haec
1633 3137 1752 3201 ait:
1816 3135 1952 3232 „Ut
1997 3136 2052 3202 si
2097 3137 2162 3201 in
2212 3134 2492 3203 Graecia
2536 3146 2735 3205 natus

613 3265 812 3324 esseS,
859 3242 966 3306 ubi
1015 3241 1298 3306 ludicras
1347 3263 1605 3324 quoque
1653 3251 1823 3306 artes
1873 3265 2170 3306 exercere
2217 3242 2559 3307 honestum
2608 3252 2736 3326 est,

614 3372 689 3413 ac
735 3348 855 3412 tibi
904 3346 1265 3411 Nicostrati
1313 3345 1512 3410 robur
1558 3370 1633 3411 ac
1685 3348 1851 3411 vires
1898 3346 1987 3409 dii
2034 3345 2389 3428 dedissent,
2436 3370 2565 3411 non
2613 3372 2735 3433 pa-

613 3460 785 3516 terer
844 3452 1155 3515 immanes
1211 3450 1359 3514 illos
1421 3459 1486 3514 et
1532 3450 1614 3514 ad
1673 3474 1958 3536 pugnam
2005 3460 2194 3516 natos
2243 3452 2525 3516 lacertos
2572 3452 2735 3517 levi-

614 3565 743 3620 tate
796 3557 996 3642 jaculi
1031 3563 1094 3620 et
1129 3559 1315 3641 jactu
1363 3554 1528 3619 disci
1573 3577 1944 3636 vanescere,
1993 3556 2128 3620 sic“
2180 3564 2301 3621 cet.
2398 3555 2733 3622 Andrese-

614 3663 760 3726 nius
818 3661 1013 3725 licere
1073 3668 1294 3725 censet
1352 3681 1631 3741 puynam
1689 3660 1754 3723 in
1807 3663 2160 3743 puyilatum
2217 3669 2498 3742 mutare,
2563 3684 2733 3744 quae

616 3791 743 3831 vox
800 3789 937 3830 rem
990 3766 1234 3851 ipsam,
1312 3764 1392 3830 de
1454 3788 1584 3848 qua
1646 3773 1909 3849 agatur,
1986 3765 2350 3830 accuratius
2421 3764 2730 3831 declaret.

614 3872 929 3936 Attamen
1005 3870 1179 3956 apud
1239 3869 1623 3952 Quintilian.
1681 3869 1766 3934 ΙΙ.
1831 3871 1891 3935 8.
1972 3867 2052 3933 de
2129 3869 2514 3945 Nicostrato
2585 3872 2732 3956 ipso

615 3978 923 4063 legimus:
978 4013 1100 4058 „—
1137 3975 1374 4040 efficiet
1405 3974 1611 4057 illum,
1659 3973 1866 4058 qualis
1899 3973 2005 4039 hic
2037 3975 2181 4056 fuit,
2230 3975 2542 4041 luctando
2571 3999 2734 4060 puy-

615 4085 968 4165 nandoque,
1016 4104 1287 4165 quorum
1329 4089 1607 4164 utroque
1641 4081 1988 4145 certamine
2018 4078 2247 4144 iisdem
2280 4079 2509 4147 diebus
2544 4104 2733 4146 coro-

617 4187 915 4269 nabatur,
973 4187 1348 4251 invictum.“
1403 4222 1482 4234 -
1533 4185 1881 4249 Praeterea
1928 4185 2193 4249 criticus
2239 4195 2459 4251 noster
2503 4208 2729 4250 vocem
