3008 5000
1082 437 1519 530 -29-÷

215 615 330 681 sic
380 615 632 701 explet:
701 636 849 697 „me
910 637 1064 680 vero
1136 621 1202 678 et
1268 636 1481 679 sermo
1543 615 1667 677 iste
1722 620 1783 676 et
1828 615 2043 678 oratio
2101 611 2356 678 infinita

213 719 570 807 voluptate
616 719 964 802 affecisset,
1010 720 1071 785 in
1121 720 1218 784 ber
1262 719 1436 799 Zbat,
1487 719 1639 803 {agre
1686 717 1986 798 ἐΰῖοῆαῐῐα,
2045 717 2154 784 mit
2202 717 2356 800 [ydtte

214 827 452 905 {011³an
508 825 664 908 jener
711 826 960 910 Qertmg
1022 825 1118 890 ‹11ss
1176 826 1301 905 jcnc
1356 823 1517 888 {Hebe
1576 821 1942 899 nuenblicbess
2001 821 2352 907 ‘Betgnfigen

214 931 486 1008 bereitet,
533 929 575 992 i.
626 951 680 993 e.
729 936 795 994 et
839 950 1052 994 sermo
1111 928 1235 992 iste
1293 926 1818 992 accuratissimus
1867 926 2034 1010 Apri
2103 934 2169 991 et
2214 926 2356 991 Ma-

214 1034 403 1100 terni
461 1034 587 1098 ista
653 1033 825 1098 laeta
893 1041 957 1098 et
1024 1045 1362 1118 poetarum
1422 1054 1615 1116 quam
1686 1038 2018 1096 oratorum
2086 1031 2359 1097 similior

217 1138 511 1202 oratio.“
602 1136 757 1202 Non
805 1145 1142 1203 assecutus
1177 1136 1500 1203 diversam
1550 1136 1828 1202 nominis
1864 1135 2180 1201 sermonis
2227 1137 2358 1223 sig-

216 1242 674 1308 nificationem
733 1242 996 1307 criticus
1056 1251 1277 1308 noster
1335 1242 1684 1306 Messallae
1739 1264 1944 1306 sermo
2014 1245 2153 1324 ipse
2211 1265 2358 1308 cum

218 1346 528 1427 Secundi
575 1351 740 1430 Apri
784 1351 997 1412 nostri
1029 1351 1552 1411 accuratissimus
1584 1368 1790 1411 sermo
1840 1345 2134 1411 confudit
2177 1356 2242 1411 et
2286 1356 2360 1413 ut

219 1453 434 1517 etiam
478 1451 641 1516 alios
687 1452 753 1516 in
813 1452 987 1516 hunc
1046 1451 1400 1538 permirum
1458 1474 1741 1517 errorem
1799 1449 2169 1532 induceret,
2227 1474 2362 1516 non

218 1555 435 1622 modo
483 1560 608 1621 iste
668 1579 788 1642 pro
846 1561 986 1638 ipse
1030 1556 1292 1641 reponi,
1353 1579 1577 1621 verum
1636 1557 1829 1621 etiam
1892 1567 1950 1621 et
2015 1560 2229 1621 oratio
2277 1555 2359 1621 ad

234 1660 630 1725 Maternum
689 1671 996 1746 spectans
1060 1660 1377 1729 inculcari
1439 1660 1663 1726 voluit.
1768 1658 2145 1726 Secundum
2205 1683 2360 1726 sane

223 1764 582 1850 oportebat
605 1774 668 1831 et
697 1766 867 1851 Apri
900 1766 1458 1832 accuratissimum
1491 1788 1853 1830 sermonem
1887 1768 2123 1848 (sermo
2148 1774 2362 1831 autem

230 1877 348 1935 est
390 1868 749 1935 secundum
796 1879 968 1935 auct.
1014 1870 1096 1935 ad
1143 1870 1303 1935 Her.
1353 1870 1474 1953 III,
1531 1871 1641 1953 13,
1689 1871 1772 1934 23
1835 1875 2046 1936 oratio
2093 1875 2363 1938 remissa

224 1984 294 2038 et
378 1978 646 2056 finitima
726 1979 1139 2057 quotidianae
1210 1977 1551 2057 locutioni)
1626 1986 1692 2040 et
1759 1974 2047 2039 Materni
2126 1975 2363 2042 laetam

225 2076 717 2161 audentiorem,
764 2088 1098 2168 poetarum
1157 2102 1348 2164 quam
1409 2090 1740 2144 oratorum
1799 2080 2173 2146 similiorem
2220 2103 2365 2146 ora-

228 2185 487 2248 tionem
531 2208 908 2267 memorare,
955 2195 1022 2250 at
1066 2185 1415 2250 Messallae
1475 2184 1668 2249 etiam
1728 2207 2090 2250 sermonem
2146 2185 2363 2271 ipsum

227 2290 311 2374 (i.
362 2311 418 2356 e.
467 2292 842 2371 colloquium
891 2293 1094 2372 ipsum
1138 2298 1210 2354 ut
1256 2311 1394 2374 cap.
1442 2289 1617 2374 init.)
1664 2288 1988 2355 audivisse
2033 2313 2165 2355 non
2218 2300 2367 2376 pot-

224 2400 379 2457 erat
423 2415 554 2457 non
600 2394 951 2476 interesse,
1010 2403 1237 2480 utpote
1295 2393 1558 2459 dicendi
1602 2417 1842 2481 genera
1890 2396 2057 2481 Apri
2114 2404 2180 2460 et
2224 2395 2368 2461 Ma·

227 2496 413 2562 terni
478 2521 636 2583 prae
693 2497 837 2584 ipso
900 2509 1282 2586 argumento
1349 2497 1517 2564 levia
1587 2497 1938 2572 ducentis„
2003 2497 2367 2566 Particulas

230 2609 458 2667 autem
520 2613 797 2684 et-atque
854 2626 972 2689 pro
1020 2615 1168 2669 et-et
1239 2604 1542 2689 usurpari
1601 2605 1738 2690 jam
1804 2604 2181 2691 Draegerus
2248 2627 2367 2671 nos

231 2706 464 2773 docuit
505 2707 576 2773 in
620 2707 822 2790 libro,
883 2710 994 2792 qui
1039 2709 1415 2774 inscribitur
1473 2711 1699 2794 „Ucbet
1758 2711 1996 2792 &nntug
2054 2713 2172 2777 unb
2233 2711 2370 2777 &til

233 2817 352 2879 bed
410 2814 699 2879 §zacitussss
772 2812 917 2877 coll.
988 2809 1170 2879 Suet.
1234 2811 1464 2878 Claud.
1528 2816 1602 2879 21
1682 2836 1894 2898 „quae
1963 2822 2233 2897 utraque
2300 2825 2386 2880 et¹

231 2917 524 3003 tophina
570 2940 648 2982 ac
690 2918 909 3003 lignea
954 2927 1145 2983 antea
1189 2918 1511 2983 fuerantf‘
1604 2916 1829 2999 Quint.
1879 2918 2047 3001 XII,
2097 2921 2201 3002 10,
2249 2921 2365 2985 64:

235 3022 602 3088 orationem
644 3019 906 3088 'nivibus
955 3022 1243 3088 hibernis
1291 3036 1355 3088 et
1402 3024 1592 3109 copia
1623 3023 1964 3089 verborum
2011 3015 2205 3108 atque
2251 3024 2371 3088 im-

234 3136 404 3215 petu
448 3131 739 3213 parem.“

426 3231 681 3299 Eodem
739 3255 882 3318 cap.
947 3231 1359 3298 Andresenio
1418 3233 1616 3300 bilem
1677 3243 2086 3301 commovent
2138 3235 2370 3301 verba:

240 3335 510 3421 „itaque
556 3336 819 3402 hercule
865 3362 996 3403 non
1029 3338 1242 3403 minus
1273 3338 1539 3425 probari
1583 3337 1773 3404 video
1817 3340 1882 3403 in
1915 3348 2003 3421 te,
2048 3337 2374 3426 Secunde,

241 3439 426 3525 quod
473 3440 638 3507 Julii
684 3442 962 3507 Asiatici
1007 3442 1204 3506 vitam
1252 3442 1708 3528 componendo
1765 3466 1950 3529 spem
1998 3443 2371 3509 hominibus

238 3544 465 3610 fecisti
509 3546 788 3632 plurium
837 3546 1154 3633 ejusmodi
1199 3546 1535 3629 librorum,
1597 3570 1792 3632 quam
1839 3551 1906 3612 in
1952 3550 2152 3630 Apro,
2200 3547 2373 3632 quod

245 3651 545 3718 nondum
601 3676 639 3717 a
695 3652 1104 3718 scholasticis
1174 3653 1634 3718 controversiis
1704 3652 1976 3719 recessit
2042 3663 2107 3718 et
2171 3654 2374 3718 otium

248 3780 444 3824 suum
512 3759 759 3823 mavult
814 3781 1128 3823 novorum
1188 3759 1521 3824 rhetorum
1577 3782 1755 3824 more
1824 3782 2018 3843 quam
2083 3766 2375 3824 veterum

248 3871 584 3929 oratorum
633 3868 1085 3929 consumere.“
1174 3862 1577 3930 Emendator
1630 3886 1761 3929 non
1810 3862 2163 3949 dispiciens
2211 3885 2377 3949 quae

252 3969 343 4036 sit
388 3970 707 4035 sententia
751 3970 1097 4035 verborum
1143 3979 1209 4036 et
1255 3969 1409 4054 quid
1453 3970 1771 4036 Messalla
1822 3970 1967 4055 ipse
2014 3968 2094 4035 de
2142 3967 2377 4035 studiis

253 4074 431 4160 Apri
477 4084 542 4141 et
585 4072 873 4141 Secundi
919 4076 1176 4159 sentiat,
1222 4084 1374 4160 post
1419 4079 1486 4140 in
1516 4079 1692 4159 Apro
1724 4074 1993 4141 verbum
2026 4075 2378 4157 improbari

257 4184 583 4271 apposuit.
675 4182 988 4248 Attamen
1033 4181 1348 4247 Messalla
1392 4204 1525 4247 non
1574 4180 1654 4247 de
1700 4204 1801 4260 se,
1852 4179 1969 4245 sed
2016 4179 2096 4245 de
2142 4200 2378 4266 aequa-

2365 4581 2704 4880 f
