3008 5000
1465 423 1903 489 „32-

633 597 858 663 sertim
904 620 1053 664 cum
1100 597 1336 663 dixerit
1379 598 1574 664 etiam
1607 597 1839 666 Cicero
1870 599 2095 665 Plano.
2137 602 2246 665 14:
2293 596 2499 667 Suum
2530 602 2748 688 ipsum

634 700 926 768 dolorem
983 703 1135 769 tulit
1190 704 1406 790 paullo
1463 706 1816 790 apertius.“
1912 706 2049 770 Att.
2098 705 2290 784 XIV,
2346 707 2461 772 13:
2523 706 2749 773 Laeti-

631 805 788 871 tiam
864 808 1269 896 apertissime
1344 808 1611 874 tulimus
1678 814 1963 876 omneS.“
2049 804 2350 894 ‘Neque,
2417 810 2593 894 quod
2663 811 2748 876 ad

636 914 876 977 olentia
943 913 1203 996 attinet,
1272 913 1529 979 silentio
1597 923 1996 1000 praeteream
2065 913 2147 979 ab
2207 913 2487 980 Horatio
2550 915 2745 1000 epod.

632 1015 741 1100 X,
795 1017 835 1081 2
899 1016 1113 1103 ipsum
1172 1017 1504 1083 Maevium
1575 1017 1821 1084 dictum
1881 1041 2024 1084 esse
2083 1023 2373 1101 olentem,
2442 1020 2552 1103 qui
2608 1026 2749 1084 erat

632 1121 993 1187 secundum
1074 1122 1279 1187 schol.
1367 1121 1567 1206 Cruq.
1646 1131 1931 1188 sectator
2003 1147 2242 1189 vocum
2318 1124 2746 1208 antiquarum.

631 1224 1006 1312 Augustum
1059 1227 1161 1290 vel
1220 1225 1703 1292 reconditorum
1756 1226 2107 1292 verborum
2157 1232 2440 1311 foetores
2502 1228 2746 1295 dixisse

629 1330 829 1395 refert
873 1329 1222 1397 Suetonius
1272 1354 1412 1417 cap.
1448 1333 1553 1396 86.

812 1434 971 1522 Cap.
1022 1436 1127 1500 25.
1185 1436 1493 1522 legimus:
1557 1459 1678 1519 „ne
1735 1436 1828 1501 illi
1884 1437 2148 1521 quidem
2204 1440 2373 1523 parti
2428 1439 2744 1504 sermonis

631 1543 770 1628 ejus
816 1563 1145 1628 repugnO,
1192 1541 1248 1606 si
1295 1541 1586 1606 cominus
1633 1541 1873 1606 fatetur
1927 1542 2147 1627 plures
2196 1543 2459 1608 dicendi
2503 1545 2746 1610 formas

632 1646 827 1710 etiam
875 1644 1118 1711 eisdem
1166 1645 1463 1728 saeculis,
1510 1644 1748 1710 nedum
1796 1645 2070 1712 diversis
2118 1648 2506 1713 exstitisse.“
2606 1652 2744 1714 An-

631 1749 913 1815 dresenii
961 1759 1428 1815 commentum:
1487 1771 1614 1832 qua
1674 1754 1860 1833 quasi
1909 1756 2187 1817 cominus
2229 1756 2539 1833 proelium
2587 1776 2747 1819 com-

629 1858 945 1919 missurus
991 1858 1288 1938 fatetur“'
1324 1855 1650 1919 mentione
1683 1854 1791 1918 vix
1823 1855 2091 1942 dignum
2126 1866 2245 1941 est,
2293 1857 2536 1943 quippe
2569 1857 2743 1941 quod

629 1982 763 2024 non
809 1959 1016 2024 solum
1064 1983 1103 2024 a
1149 1957 1340 2023 codd.
1391 1959 1582 2023 nimis
1627 1957 1911 2042 recedat,
1959 1958 2076 2024 sed
2122 1960 2312 2025 etiam
2361 1961 2745 2026 sententiam

633 2063 861 2128 afferat
922 2086 1191 2150 prorsus
1261 2062 1557 2128 alienam.
1662 2061 1868 2130 Sonat
1937 2069 2214 2130 cominus
2283 2067 2324 2132 i.
2394 2088 2457 2150 q.
2531 2088 2746 2131 coram

631 2171 794 2249 perf
802 2171 1048 2246 5n1ic1).
1158 2168 1230 2236 Si
1290 2167 1677 2234 emendandi
1721 2169 1924 2252 viam,
1972 2191 2165 2252 quam
2214 2170 2476 2236 criticus
2521 2182 2746 2236 noster

628 2274 962 2360 ingressus
1010 2285 1130 2357 est,
1176 2274 1432 2360 longius
1477 2272 2038 2360 persequeremur,
2092 2274 2274 2342 brevi
2318 2299 2558 2341 novum
2609 2276 2745 2341 dia-

625 2377 851 2465 logum
898 2401 1173 2462 eumque
1220 2401 1414 2462 quam
1460 2379 1737 2443 maxime
1786 2378 2212 2464 depravatum
2257 2378 2663 2446 haberemus.

802 2482 1057 2549 Eodem
1117 2506 1258 2570 cap.
1317 2483 1570 2572 probat*
1610 2482 2056 2551 Andresenius
2115 2484 2353 2550 Ritteri
2410 2488 2747 2572 conjectu-

625 2612 821 2659 ram:‚
851 2613 1040 2670 „nam
1087 2597 1153 2654 et
1199 2587 1473 2654 Calvum
1521 2597 1586 2654 et
1632 2589 1933 2655 Asinium
1990 2599 2054 2655 et
2095 2590 2309 2676 ipsum
2355 2587 2746 2657 Ciceronem

630 2692 826 2758 credo
893 2693 1118 2759 solitos
1179 2702 1243 2758 et
1301 2697 1499 2758 livore
1559 2701 1624 2757 et
1680 2693 1911 2760 ceteris
1969 2694 2289 2759 humanae
2345 2696 2745 2761 infirmitatis

624 2798 798 2864 vitiis
847 2798 1080 2864 affici.“
1185 2795 1317 2866 Sed
1375 2799 1569 2864 lectio
1622 2800 1889 2885 vulgata
1934 2803 2214 2865 invidere
2259 2810 2320 2865 et
2368 2804 2561 2866 livere
2607 2823 2746 2865 ser·

626 2902 839 2968 vanda
883 2925 1094 2987 neque
1146 2901 1461 2967 vocabula
1492 2912 1553 2966 et
1581 2906 1865 2967 invidere
1901 2912 2209 2987 tanquam
2241 2927 2319 2967 ex
2350 2903 2744 2990 glossemate

625 3015 778 3072 nata
823 3006 1138 3093 ejicienda
1182 3015 1353 3073 sunt.
1445 3007 1868 3072 Pleonasmos
1910 3008 2169 3093 saepius
2201 3008 2375 3093 apud
2409 3016 2744 3073 auctorem

624 3120 920 3177 nostrum
968 3112 1237 3198 reperiri
1258 3116 1394 3198 jam
1427 3135 1626 3198 supra
1658 3112 2245 3199 comprobavimus.
2321 3109 2514 3177 Licet
2543 3114 2743 3178 etiam

625 3216 923 3283 dubitare
982 3241 1140 3282 num
1185 3219 1467 3282 invidere
1514 3225 1580 3283 et
1626 3221 1819 3282 livere
1864 3240 2135 3303 prorsus
2183 3218 2315 3283 sint
2359 3238 2744 3303 synonyma,

624 3344 837 3407 neque
908 3325 1098 3387 livere
1165 3320 1314 3407 plus
1383 3321 1597 3385 valeat
1663 3344 1858 3406 quam
1926 3324 2226 3386 invidere.
2343 3319 2515 3387 Sane
2578 3325 2744 3385 livor

624 3425 820 3492 etiam
876 3434 977 3491 est
1019 3429 1300 3509 invidia,
1357 3424 1474 3491 sed
1536 3448 1613 3492 ea
1657 3424 2071 3511 potissimum
2118 3424 2337 3491 colore
2383 3424 2584 3490 livido
2632 3448 2743 3490 ex-

623 3554 881 3618 pressa,
958 3555 1124 3616 quae
1194 3554 1231 3597 a
1298 3530 1488 3597 nobis
1558 3529 1796 3595 dicitur
1867 3529 2244 3613 bfimifdyet
2312 3531 2521 3599 meib.
2635 3530 2742 3595 Ac

624 3637 870 3721 nescio,
917 3660 998 3701 an
1045 3636 1175 3701 huc
1221 3635 1414 3701 etiam
1459 3634 1663 3701 verba
1693 3633 2156 3718 subsequentia
2184 3656 2309 3700 non
2340 3637 2743 3717 maliqm'tate

624 3765 738 3807 nec
783 3744 1028 3807 invidia
1073 3740 1413 3808 referenda
1459 3741 1609 3806 sint.

801 3846 1033 3912 Paullo
1075 3856 1226 3933 post
1255 3845 1670 3911 Andresenio
1701 3844 1767 3908 in
1799 3843 2281 3910 enunciatione:
2330 3843 2540 3909 solum
2570 3841 2744 3907 inter

623 3951 744 4019 hos
798 3952 1078 4018 arbitror
1132 3952 1406 4017 Brutum
1463 3973 1598 4015 non
1653 3949 2052 4037 malignitate
2109 3971 2232 4016 nec
2289 3948 2565 4032 invidia,
2623 3946 2743 4013 sed

625 4057 1005 4143 simpliciter
1079 4065 1146 4122 et
1212 4056 1492 4143 ingenue
1549 4053 1869 4142 judicium
1937 4052 2134 4118 animi
2201 4053 2306 4119 sui
2372 4051 2740 4118 detexisse“

624 4162 869 4247 aliquid
916 4161 1320 4228 intercidisse
1365 4160 1657 4240 videtur3
1716 4181 2028 4244 apparere
2075 4158 2361 4242 scilicet,
2401 4155 2744 4222 ¹neminem
