3008 5000
1180 483 1611 548 -27-

321 659 808 728 necessitudine
855 660 1088 743 officii,
1145 668 1258 726 aut
1300 659 1429 725 fide
1488 657 1935 724 advocationis
1989 665 2103 723 aut
2145 655 2450 722 fortuitae

323 774 397 832 et
443 766 696 831 subitae
743 763 1047 830 dictionis
1092 764 1369 850 impetu:
1418 772 1486 829 at
1529 772 1600 830 tu
1645 762 1993 828 meditatus
2039 760 2279 826 videris
2325 759 2454 825 ele-

323 872 510 958 gisse
555 892 904 955 personam
948 868 1303 934 notabilem
1359 878 1424 934 et
1480 892 1630 934 cum
1678 867 2064 933 auctoritate
2113 865 2451 931 dicturam.

324 973 582 1058 Sentio,
628 973 787 1059 quid
832 972 1214 1058 responderi
1260 974 1501 1059 possit:
1551 973 1706 1038 hinc
1750 971 2033 1059 ingentis
2081 993 2161 1035 ex
2206 973 2307 1034 his
2352 990 2457 1034 as-

324 1101 587 1160 sensus,
632 1078 796 1143 haec
838 1077 905 1141 in
947 1076 1107 1163 ipsis
1141 1076 1474 1143 auditoriis
1520 1076 1868 1163 praecipue
1898 1074 2150 1141 laudari
2195 1082 2261 1139 et
2305 1096 2456 1137 mox

327 1184 618 1248 omnium
653 1182 1060 1248 sermonibus
1106 1182 1280 1247 ferri.
1372 1181 1560 1248 Tolle
1590 1182 1791 1269 igitur
1821 1180 2055 1265 quietis
2102 1187 2168 1244 et
2212 1177 2456 1244 securi-

322 1288 486 1353 tatis
533 1288 1048 1368 excusationem,
1111 1309 1257 1351 cum
1314 1287 1432 1352 tibi
1487 1310 1705 1352 sumas
1764 1285 2204 1351 adversarium
2261 1305 2455 1368 supe-

324 1393 639 1457 riorem.“
687 1390 826 1457 Cur
857 1392 1308 1457 Andresenius
1340 1392 1467 1458 hoc
1498 1392 1644 1456 loco
1676 1390 1918 1473 Nastii,
1951 1390 2055 1455 cui
2079 1387 2455 1475 saepissime

322 1495 786 1582 adstipulatur,
833 1496 1488 1562 animadversionem:
1541 1498 1693 1580 „2⁸5¹ss
1726 1495 2102 1572 Quteinifcbeu
2150 1494 2309 1575 I>eif3t
2355 1502 2451 1559 ess:

325 1601 487 1666 hinc
532 1601 829 1688 ingentes
875 1602 1154 1668 existere
1200 1623 1543 1683 assensuS,
1599 1601 1754 1666 hinc
1796 1602 1864 1665 in
1909 1601 2072 1686 ipsis
2119 1597 2456 1665 auditoriis

325 1705 687 1791 praecipue
733 1706 1005 1772 laudari.
1105 1707 1228 1775 ‘Die
1286 1708 1701 1791 Qetbeffetung
1761 1708 1858 1772 bet
1913 1708 2069 1771 alten
2117 1704 2319 1772 Qessatt
2375 1725 2456 1767 ex

326 1810 463 1893 his,
509 1812 691 1889 mofiir
738 1810 1081 1877 Acidalius
1129 1812 1406 1877 existere
1435 1813 1633 1894 'Uest'
1694 1811 1759 1889 ist
1818 1810 1923 1878 mit
1968 1811 2141 1885 ffledn
2186 1827 2299 1876 non
2349 1810 2459 1874 ben

326 1914 753 1999 gmeibtiicferu
812 1917 874 1982 in
935 1916 1041 1983 ben
1101 1918 1241 1999 zegt
1300 1919 1739 2003 uufgenommen
1803 1916 2077 1983 morben¹¹
2140 1924 2266 1980 cet.
2328 1936 2461 1978 non

328 2019 796 2105 approbaverit
860 2022 1145 2108 perspici
1201 2045 1333 2087 non
1395 2031 1647 2108 potest,
1707 2021 1832 2087 nisi
1901 2020 2111 2086 eidem
2170 2018 2458 2085 Acidalii

330 2126 783 2210 conjecturam
854 2129 1134 2192 existere
1199 2149 1330 2192 non
1400 2127 1614 2191 minus
1694 2148 1887 2210 quam
1955 2124 2183 2192 Wolfii
2256 2126 2461 2189 exciri

327 2231 624 2316 ignotam
670 2231 873 2297 fuisse
932 2255 1010 2297 ex
1059 2234 1198 2318 ejus
1245 2231 1494 2298 verbis:
1561 2231 1683 2315 „In
1728 2230 1910 2298 libris
1960 2230 2277 2315 scriptum
2325 2237 2457 2294 est:

327 2335 492 2400 hinc
547 2335 834 2422 ingentis
891 2359 970 2401 ex
1015 2336 1117 2403 his
1167 2359 1504 2419 assensus,
1572 2338 1638 2402 in
1697 2336 1935 2422 quibus
1979 2334 2181 2400 verba
2234 2355 2315 2398 ex
2358 2334 2458 2397 his

325 2463 368 2507 e
417 2440 806 2526 glossemate
866 2450 1017 2507 nata
1076 2464 1220 2510 esse
1264 2441 1590 2509 videntur.
1682 2440 2011 2524 Quoniam
2056 2447 2271 2506 autem
2314 2459 2461 2504 ver-

324 2547 490 2611 bum
535 2546 800 2632 aliquod
833 2550 1272 2615 necessarium
1305 2558 1425 2630 est,
1471 2547 1751 2634 exempli
1800 2569 1997 2612 causa
2036 2546 2227 2632 posui
2271 2546 2457 2627 fieri‘,

327 2650 641 2738 colligere
687 2652 869 2718 velis.
960 2652 1108 2719 Nec
1167 2654 1375 2740 magis
1429 2675 1586 2718 vero
1631 2651 2028 2718 Andresenii
2071 2650 2273 2716 verbo
2316 2652 2459 2733 fieri

326 2778 531 2839 quam
576 2755 862 2821 Acidalii
908 2760 1206 2835 existere,
1254 2767 1365 2822 aut
1409 2756 1639 2824 Wolfii
1685 2761 1889 2822 exciri
1932 2756 2041 2820 hic
2083 2754 2268 2820 locus
2316 2776 2461 2839 per-

325 2868 620 2926 sanatur.
723 2860 985 2926 Etenim
1045 2885 1125 2926 ex
1178 2865 1279 2926 his
1339 2862 1600 2927 omnino
1657 2861 1816 2926 nihil
1873 2861 1997 2926 nisi
2054 2858 2460 2947 grammatici

279 2961 285 2966 ’
330 2964 679 3052 cujusdam
712 2966 1058 3052 explicatio
1105 2966 1283 3033 vocis
1331 2971 1478 3033 hin-c
1506 2967 1574 3032 in
1619 2967 1912 3055 margine
1943 2966 2272 3052 adscripta
2315 2964 2459 3048 fuit,

328 3068 512 3134 unde
544 3070 611 3134 in
645 3079 1024 3135 contextum
1057 3072 1270 3157 operis
1302 3072 1581 3158 irrepsit.
1673 3073 1768 3137 At
1800 3071 2213 3137 Andresenio
2236 3068 2462 3156 judice

332 3174 610 3240 verbum
643 3176 909 3260 aliquod
936 3177 1372 3242 necessarium
1407 3187 1529 3259 est,
1560 3199 1770 3261 neque
1804 3177 1992 3244 aliter
2014 3177 2124 3242 alii
2153 3176 2459 3243 sentiunt.

322 3279 481 3346 Nos
525 3289 740 3346 autem
775 3304 855 3346 ex
901 3285 1000 3346 his
1062 3292 1509 3368 expungentes
1566 3283 1836 3349 verbum
1897 3282 2146 3348 nullum
2205 3279 2460 3347 deside-

320 3409 549 3451 ramus
620 3386 976 3452 secundum
1042 3385 1180 3452 Cic.
1232 3385 1410 3453 Coel.
1461 3390 1576 3453 252
1651 3388 1869 3470 „Hinc
1938 3389 2084 3453 illae
2152 3387 2456 3452 lacrimae

320 3490 635 3555 nimirum
683 3500 747 3555 et
790 3491 952 3557 haec
999 3514 1197 3557 causa
1243 3502 1343 3557 est
1380 3494 1620 3558 horum
1680 3496 1966 3559 omnium
2025 3493 2344 3559 scelerum
2388 3501 2458 3558 et

236 3682 242 3686 ν
325 3595 742 3660 criminum.“
833 3596 986 3661 Pari
1031 3595 1226 3661 modo
1286 3597 1548 3684 scripsit
1594 3598 1862 3664 Tacitus
1907 3598 2084 3664 Hist.
2138 3597 2270 3680 IV,
2338 3598 2458 3668 14:

323 3699 557 3783 „Hinc
601 3699 848 3764 invidia
893 3709 958 3765 et
1003 3702 1347 3788 compositi
1380 3702 1721 3769 seditionis
1766 3712 2063 3769 auctores
2095 3701 2462 3789 perpulere,

324 3814 407 3870 ut
454 3804 775 3870 delectum
823 3805 1252 3878 abnuerent.“

510 3908 859 3976 Praeterea
915 3910 1365 3978 Andresenius
1427 3912 1705 3977 mavult:
1777 3913 1986 3995 „haec
2054 3923 2116 3977 et
2177 3912 2245 3976 in
2297 3911 2458 3998 ipsis

322 4014 669 4081 auditoriis
718 4016 1068 4102 praecipue
1115 4016 1366 4082 laudari
1414 4028 1478 4083 et
1525 4041 1677 4082 mox
1719 4019 2006 4083 omnium
2053 4016 2460 4083 sermonibus

315 4120 524 4186 ferri“
575 4119 819 4206 quippe
887 4143 1085 4205 quum
1132 4122 1255 4187 hae
1301 4122 1465 4188 duae
1526 4123 1881 4187 sententiae
1940 4122 2261 4188 artissime
2307 4144 2464 4187 con-

320 4228 589 4313 junctae
639 4235 705 4295 et
748 4228 917 4293 inter
960 4250 1030 4293 se
1071 4227 1411 4316 oppositae
1458 4227 1609 4296 sint.
1700 4225 1833 4294 Sed
1881 4250 2008 4314 qua
2054 4227 2301 4293 ratione
2346 4251 2453 4298 res

1078 4815 1119 4890 s
2435 4495 2834 4896 f
