3008 5000
1105 466 1541 538 —17...

242 646 338 716 ab
382 644 548 715 Hor.
581 646 720 716 Sat.
753 644 808 732 I,
856 649 917 732 3,
965 649 1039 714 9:
1091 649 1221 730 „nil
1268 649 1534 732 aequale
1565 648 1811 713 homini
1844 649 1967 714 fuit
1996 649 2154 732 illi,“
2203 637 2380 735 quod

247 752 549 821 Orellius
596 751 939 838 explicuit:
1004 753 1204 834 „nihil
1252 761 1389 818 erat
1434 752 1772 838 aequabile
1828 753 1894 817 in
1939 754 2052 819 illo
2099 755 2383 836 homine,

246 860 323 924 in
374 858 554 923 nulla
598 881 669 922 re
716 857 840 923 sibi
874 857 1256 923 constabat“
1307 858 1422 923 sed
1471 859 1658 922 etiam
1694 882 1733 922 a
1762 857 2191 943 scriptoribus
2237 881 2382 924 ora-

249 962 455 1028 tionis
503 961 786 1044 solutae,
841 961 1022 1026 velut
1067 984 1106 1026 a
1149 960 1297 1026 Liv.
1342 961 1612 1044 XXIV,
1672 964 1788 1027 46:
1853 962 2383 1043 „imber-lentior

251 1065 498 1131 deinde
559 1065 1017 1150 aequaliorque
1080 1064 1385 1130 accidens
1444 1066 1711 1130 auribus
1768 1089 2068 1152 magnam
2128 1078 2380 1153 partem

254 1172 601 1237 hominum
647 1170 927 1257 sopivit“
991 1179 1055 1234 et
1109 1195 1147 1235 a
1192 1166 1467 1251 Quintil.
1518 1171 1621 1252 X,
1674 1174 1729 1251 1,
1780 1173 1898 1237 54:
1949 1173 2382 1256 „Apollonius

254 1315 346 1325 —
394 1298 526 1340 non
571 1283 789 1339 tamen
837 1273 1377 1340 contemnendum
1436 1274 1642 1339 edidit
1699 1298 1863 1361 opus
1920 1278 2170 1359 aequali
2228 1301 2384 1362 qua-

255 1380 412 1446 dam
481 1378 969 1444 mediocritate“
1038 1378 1102 1443 vi
1173 1378 1396 1444 eadem
1468 1402 1599 1463 qua
1668 1379 1777 1445 hic
1844 1380 2204 1447 adhibitum
2263 1391 2382 1465 est,

256 1493 664 1571 quapropter
710 1486 1067 1566 aequabilis
1112 1507 1301 1549 nemo
1349 1483 1694 1549 desideret.

444 1587 603 1675 Cap.
644 1590 750 1654 32.
796 1590 937 1654 init.
986 1589 1296 1675 legimus:
1347 1588 1582 1673 „idque
1629 1612 1760 1653 non
1807 1588 2039 1655 doctus
2085 1590 2277 1655 modo
2320 1600 2386 1656 et

259 1693 555 1780 prudens
602 1693 895 1776 auditor,
952 1693 1067 1759 sed
1115 1693 1305 1758 etiam
1352 1693 1633 1778 populus
1687 1693 1992 1780 intelligit
2044 1716 2121 1758 ac
2168 1695 2386 1760 statim

267 1799 365 1863 ita
394 1797 587 1865 laude
619 1798 1058 1884 prosequitur,
1105 1807 1179 1862 ut
1213 1798 1496 1883 legitime
1532 1797 1881 1879 studuisse,
1914 1809 1986 1862 ut
2016 1822 2131 1884 per
2162 1822 2384 1866 omnes

260 1903 677 1988 eloquentiae
722 1925 1026 1968 numeros
1073 1903 1235 1986 isse,
1280 1910 1355 1966 ut
1401 1902 1680 1986 denique
1726 1912 2045 1968 oratorem
2094 1926 2236 1969 esse
2292 1904 2387 1968 fa·-

257 2016 513 2103 teatur3
574 2029 766 2092 quem
823 2031 955 2072 non
1010 2028 1205 2092 posse
1265 2010 1457 2071 aliter
1513 2008 1823 2088 existere,
1882 2030 2004 2072 nec
2060 2009 2387 2075 exstitisse

259 2135 551 2196 unquam
601 2114 936 2194 confirmo,
983 2111 1109 2176 nisi
1155 2134 1334 2192 eum,
1381 2112 1491 2194 qui
1538 2120 1843 2195 tanquam
1889 2112 1955 2176 in
2003 2112 2208 2177 aciem
2253 2136 2388 2178 om-

259 2217 458 2283 nibus
527 2217 722 2281 armis
778 2217 1170 2298 instructuS,
1238 2217 1332 2281 sic
1389 2216 1457 2279 in
1514 2216 1724 2280 forum
1786 2217 2081 2281 omnibus
2140 2218 2387 2283 artibus

261 2331 553 2387 armatus
586 2319 875 2385 exierit.“
924 2319 1077 2383 Hoc
1108 2319 1255 2383 loco
1290 2318 1561 2383 confidit
1581 2319 2030 2384 Andresenius
2056 2328 2388 2386 auctorem

261 2426 513 2513 dialogi
558 2425 932 2511 scripsisse:
995 2446 1226 2509 „quem
1285 2446 1418 2488 non
1473 2445 1670 2511 posse
1726 2427 1942 2499 alium,
1979 2425 2256 2505 existere
2303 2465 2387 2475 —

269 2530 610 2613 confirm0,
654 2530 779 2595 nisi
810 2553 979 2613 eum,
1013 2532 1165 2614 qui“
1202 2538 1348 2611 cet.,
1381 2552 1576 2613 quam
1607 2529 1949 2595 lectionem
1983 2531 2389 2598 concinnitas

261 2635 585 2702 sermonis
643 2634 1027 2700 inexorabili
1086 2634 1431 2701 severitate
1487 2633 1816 2721 efflagitet.
1919 2635 2390 2701 Emendatione

262 2748 488 2805 autem
533 2739 712 2804 nulla
758 2762 920 2824 opus
955 2747 1076 2820 est,
1122 2739 1427 2823 quoniam
1474 2742 1666 2803 aliter
1711 2747 1812 2804 est
1856 2743 1991 2804 alia
2023 2744 2392 2807 condicione

264 2844 443 2910 sicut
486 2843 634 2908 Liv.
682 2843 906 2926 XLV,
958 2847 1067 2908 11:
1119 2843 1312 2924 „Non
1361 2843 1547 2908 aliter
1593 2844 1867 2909 classem
1912 2856 2392 2927 revocaturum,

263 2949 395 3014 nisi
443 2948 567 3014 sibi
626 2956 764 3013 tota
810 2946 1032 3034 Cypro
1092 2947 1415 3016 cederet.“
1522 2946 1772 3013 Contra
1826 2951 2017 3013 alium
2072 2949 2231 3014 nihil
2291 2960 2393 3015 est

261 3046 396 3119 nisi
441 3056 609 3117 alius
654 3057 945 3136 qeneris,
1000 3051 1173 3136 quod
1222 3052 1302 3117 ab
1361 3051 1487 3117 hoc
1548 3053 1692 3117 loco
1754 3076 2020 3138 prorsus
2066 3055 2392 3138 abhorret,

264 3158 423 3244 quia
467 3180 599 3222 non
646 3157 727 3221 de
772 3158 919 3243 ipso
966 3167 1219 3221 oratore
1279 3156 1393 3221 sed
1454 3156 1792 3222 dumtaxat
1847 3157 1928 3223 de
1985 3161 2123 3245 ejus
2180 3160 2391 3224 forum

262 3260 693 3349 ingredientis
739 3269 1054 3347 apparatu
1102 3260 1486 3346 disputatur.
1580 3260 1851 3346 Neque,
1912 3262 1967 3327 si
2027 3262 2107 3328 de
2154 3286 2391 3350 genere

264 3366 474 3452 ipsius
540 3364 816 3431 oratoris
874 3373 1206 3451 ageretur,
1273 3369 1468 3430 alium
1520 3365 1786 3452 vulgato
1853 3369 2047 3431 aliter
2110 3368 2395 3452 supponi

270 3470 498 3554 utique
553 3492 822 3536 necesse
878 3471 1081 3552 foret,
1137 3469 1706 3554 quandoquindem
1772 3471 1878 3535 vel
1936 3471 2205 3536 verbum
2252 3494 2394 3537 esse

270 3597 424 3640 cum
499 3573 809 3639 adverbio
880 3578 1072 3638 aliter
1148 3575 1521 3659 copulatum
1607 3574 1966 3660 reperimus
2044 3577 2160 3640 cfr.
2240 3576 2391 3642 Ter.

265 3677 534 3743 Phorm.
583 3677 709 3758 111,
757 3679 821 3759 2,
866 3679 952 3742 44
999 3700 1107 3762 sq:
1154 3700 1323 3765 „ego
1371 3678 1547 3743 hunc
1596 3700 1737 3743 esse
1784 3678 1969 3742 aliter
2015 3678 2263 3744 credidi
2310 3716 2390 3728 -

267 3781 475 3847 nihilo
524 3802 670 3846 sum
714 3780 898 3846 aliter
946 3804 1023 3847 ac
1067 3781 1228 3846 fui.“
1318 3780 1449 3846 Ad.
1495 3781 1632 3863 III,
1691 3783 1764 3859 4,
1824 3783 1943 3847 46:
2002 3782 2148 3865 „sin
2207 3782 2396 3848 aliter

271 3886 530 3951 animus
573 3894 791 3951 vester
836 3889 1001 3951 est.“
1090 3884 1262 3949 Ibid.
1311 3885 1438 3968 III,
1486 3886 1549 3968 5,
1597 3887 1670 3950 5:
1718 3885 1862 3968 „sin
1910 3886 2096 3951 aliter
2142 3886 2223 3954 de
2271 3887 2396 3953 hac

268 4011 342 4055 re
389 3996 490 4054 est
534 3990 671 4075 ejus
718 3989 1104 4054 sententia.“

452 4090 651 4175 Quod
693 4093 865 4159 idem
909 4088 1354 4159 Andr‘esenius
1388 4102 1654 4158 ornatus
1684 4092 1753 4156 in
1783 4092 2003 4157 locum
2035 4093 2396 4179 scripturae

272 4197 561 4263 omnium
609 4196 802 4263 codd.
851 4206 1135 4262 armatus
1184 4197 1396 4263 suffici
1440 4196 1670 4279 voluit,
1734 4196 1800 4261 in
1848 4219 1961 4278 e0,
2028 4206 2222 4284 puto,
2280 4220 2395 4263 ne-

1986 4311 2019 4366 2
