3008 5000
753 458 780 485 .
1006 450 1437 511 —41-

156 617 375 687 traria
414 623 545 688 sint
590 622 948 687 sententiae
995 620 1423 704 antecedenti,
1471 643 1639 705 quae
1686 619 2022 684 exorditur
2068 645 2105 685 a
2135 643 2280 684 ver-

159 728 264 794 bis
317 730 450 808 „ita
493 750 613 792 nec
660 738 1045 813 praeceptor
1092 727 1352 792 deerat“
1401 749 1515 791 nec
1559 749 1677 812 pro
1723 728 1837 790 sed
1890 725 2279 790 substituere

161 857 298 896 non
347 833 517 898 licet.
610 833 772 896 Item
821 836 1080 896 mioetum
1125 855 1254 896 non
1302 841 1402 896 est
1447 829 1942 911 admittendum,
1991 853 2108 894 cur
2137 840 2280 893 tan-

162 938 316 1002 dem
387 941 771 1003 auditorium
840 961 919 1001 ex
987 941 1226 1002 invidis
1293 947 1354 1001 et
1417 939 1780 1019 faventibus
1839 933 2281 1020 improbetur?

162 1045 276 1106 An
323 1042 501 1126 quod
532 1043 853 1128 adjectiva
877 1045 1123 1123 plenum
1156 1051 1222 1107 et
1251 1063 1473 1106 novum
1503 1039 1959 1107 intercedunt?
2008 1041 2281 1105 Minime

162 1171 344 1212 vero.
471 1147 630 1212 Non
710 1147 1108 1213 dissimiliter
1185 1148 1450 1232 scripsit
1516 1144 1654 1211 Cic.
1727 1145 1916 1211 Verr.
1985 1145 2105 1227 IV,
2175 1149 2280 1212 59.

166 1254 413 1318 Verres
472 1275 725 1317 mensas
770 1252 1131 1338 Delphicas
1188 1276 1221 1316 e
1280 1275 1633 1334 marmore,
1680 1262 1962 1316 crateras
2010 1274 2088 1314 ex
2136 1273 2282 1315 aere

165 1358 639 1443 pulcherrimas
708 1357 992 1423 abstulit.
1110 1357 1410 1441 Denique
1482 1368 1810 1421 corrector
1878 1365 2100 1421 noster
2169 1378 2283 1420 nec

165 1469 372 1527 minus
423 1466 572 1528 bene
614 1462 1060 1528 tantummodo
1109 1462 1392 1527 novandi
1428 1461 1702 1547 cupidus
1738 1461 2026 1546 protulit,
2073 1484 2283 1545 neque
2343 1446 2354 1456 ⁸

168 1578 290 1649 est,
340 1591 454 1633 cur
500 1567 849 1654 Agricolae
897 1571 1337 1653 conjecturam
1389 1589 1550 1647 „nec
1596 1566 1804 1631 male“
1854 1566 1935 1630 ab
1980 1566 2281 1631 omnibus

167 1675 303 1738 fere
353 1672 714 1738 editoribus
764 1682 1088 1758 receptam
1137 1672 1595 1758 explodamuS,
1652 1672 1971 1754 siquidem
2021 1672 2283 1736 omnino

170 1780 549 1865 conjectura
592 1775 993 1863 indigemus,
1053 1777 1229 1861 quod
1278 1777 1526 1842 dubito.
1622 1774 1869 1858 Quidni
1916 1776 2083 1840 enim
2133 1776 2283 1841 sim-

171 1883 318 1967 plex
365 1904 478 1946 nec
507 1884 1006 1967 interpretemur
1038 1885 1186 1962 aud)
1222 1885 1425 1963 nicht,
1472 1891 1546 1947 ut
1574 1882 1841 1947 alteram
1873 1881 2283 1968 negationem

171 2010 290 2052 sua
349 1988 621 2070 quisque
682 1997 911 2073 sponte
968 1987 1304 2073 suppleat?
1363 1986 1549 2053 Idem
1603 2010 1716 2052 nec
1762 1995 1950 2052 sonat
1996 2009 2135 2071 cap.
2179 1989 2283 2051 27.

172 2097 318 2156 nam
361 2114 476 2156 nec
519 2113 634 2156 vos
684 2093 920 2175 offendi
967 2095 1229 2157 decebit.

354 2193 516 2282 Cap.
565 2196 667 2260 37.
739 2220 885 2260 nam
958 2218 1086 2280 quo
1156 2202 1297 2279 quis
1357 2195 1616 2281 saepius
1678 2194 1926 2260 steterit
1981 2204 2292 2277 tanquam

174 2303 241 2364 in
311 2300 448 2365 acie
518 2309 583 2363 et
652 2299 998 2364 Michaelis
1070 2309 1134 2365 et
1201 2300 1651 2366 Andresenius
1722 2299 2049 2378 scribunt,
2118 2297 2291 2380 quod

178 2405 374 2469 nolim
418 2404 801 2489 approbare,
849 2406 998 2488 quia
1030 2410 1170 2487 quis
1204 2404 1287 2469 ad
1323 2406 1615 2470 homines
1648 2404 1983 2468 universos
2016 2410 2291 2487 spectat,

178 2533 375 2594 quum
434 2511 640 2575 solum
702 2511 781 2575 de
840 2520 1094 2576 oratore
1152 2520 1401 2598 agatur.
1510 2511 1737 2594 Itaque
1796 2509 1996 2574 verba
2039 2513 2293 2573 steterit

180 2625 244 2679 et
288 2617 573 2679 intulerit
619 2623 684 2680 et
729 2621 1049 2698 exceperit
1097 2616 1178 2680 ad
1212 2617 1647 2700 eloquentiam
1685 2615 1971 2680 referens
2004 2614 2293 2691 abstrac-

182 2730 315 2784 tum
377 2719 675 2784 existimo
724 2743 841 2804 pro
891 2729 1194 2785 concreto
1244 2731 1627 2806 usurpatum
1675 2743 1849 2801 esse,
1909 2719 2085 2783 velut
2131 2717 2294 2783 dixit

182 2821 414 2888 Cicero
462 2822 732 2887 Tuscul.
768 2822 853 2905 V,
885 2825 983 2888 18.
1033 2832 1106 2888 ut
1150 2825 1442 2907 stultitia,
1499 2824 1619 2889 etsi
1666 2823 1902 2908 adepta
1948 2830 2066 2902 est,
2115 2821 2292 2906 quod

181 2927 584 3012 concupivit,
641 2950 973 3011 nunquam
1026 2952 1095 2993 se
1140 2942 1356 2994 tamen
1405 2929 1563 2994 satis
1613 2936 2027 2993 consecutam
2075 2935 2291 3011 putat:

181 3036 275 3098 sic
321 3033 638 3117 sapientia
683 3055 935 3119 semper
982 3057 1058 3097 eo
1106 3024 1410 3099 contenta
1458 3042 1581 3115 est,
1629 3031 1802 3116 quod
1848 3031 2035 3097 adest
2080 3054 2290 3116 neque

182 3161 316 3202 eam
365 3159 648 3220 unquam
697 3137 796 3202 sui
843 3138 1147 3222 poenitet.

353 3237 517 3325 Cap.
553 3244 612 3304 5.
659 3241 725 3304 in
772 3239 1017 3305 verbis:
1072 3265 1259 3322 „nam
1299 3242 1350 3306 si
1385 3240 1467 3305 ad
1500 3241 1844 3306 utilitatem
1877 3241 2045 3305 vitae
2078 3241 2294 3305 omnia

184 3345 451 3409 consilia
495 3346 795 3429 factaque
843 3355 1068 3410 nostra
1115 3345 1453 3432 dirigenda
1500 3355 1672 3427 sunt,
1718 3344 1876 3430 quid
1913 3357 2012 3411 est
2049 3346 2291 3428 utilius,

184 3473 371 3532 quam
431 3473 567 3513 eam
629 3472 929 3515 exercere
988 3462 1229 3533 artem,
1288 3473 1412 3534 qua
1470 3473 1715 3533 semper
1772 3461 2058 3515 armatus
2104 3474 2293 3536 prae-

183 3553 415 3618 sidium
462 3555 709 3636 amicis,
758 3578 946 3639 opem
995 3555 1242 3637 alienis,
1291 3556 1564 3620 salutem
1611 3555 2151 3639 periclitantibus,
2195 3556 2293 3619 in-

184 3659 345 3725 vidis
414 3681 567 3722 vero
627 3669 691 3722 et
745 3659 1023 3724 inimicis
1082 3669 1320 3726 metum
1381 3670 1444 3724 et
1497 3669 1810 3724 terrorem
1870 3660 2040 3723 ultro
2099 3664 2335 3741 ferat,.

183 3764 321 3849 ipse
379 3784 645 3827 securus
705 3773 769 3826 et
815 3763 1095 3846 quadam
1141 3764 1321 3828 velut
1362 3774 1680 3849 perpetua
1722 3764 2013 3850 potentia
2057 3787 2134 3829 ac
2178 3789 2295 3851 po-

184 3876 410 3933 testate
464 3867 791 3932 munitus?
848 3868 1299 3933 Andresenius
1356 3890 1479 3951 qua
1529 3873 1670 3952 quis
1717 3891 1960 3950 semper
2006 3880 2290 3935 armatus

186 3973 318 4037 sine
363 3995 560 4037 causa
602 3973 932 4058 proponit.
1027 3973 1263 4057 Neque
1308 3974 1519 4060 Lipsii
1567 3973 2080 4039 emendationem
2112 3978 2290 4056 feras

187 4075 603 4162 expetendam
654 4100 796 4142 esse
833 4081 971 4164 jam
1003 4078 1342 4142 Dronkius
1393 4078 1639 4161 docuit,
1685 4077 1999 4145 adhibens
2034 4077 2170 4145 Cic.
2210 4080 2290 4145 de

189 4192 341 4247 orat.
385 4181 437 4265 I,
487 4182 556 4247 8:
609 4205 860 4269 „neque
907 4207 1060 4249 vero
1108 4184 1262 4249 mihi
1308 4183 1682 4270 quidquam,
1731 4185 1960 4269 inquit,
2007 4194 2291 4272 praesta-
