3008 5000
984 437 1414 499 „⁴43-

139 614 242 677 his
297 612 518 677 verbis
554 635 696 698 cap.
727 614 830 676 30.
880 613 1101 677 factis:
1156 634 1405 695 „neque
1452 610 1727 675 oratoris
1764 610 1861 675 vis
1894 620 1957 674 et
1993 610 2267 676 facultas

139 720 317 783 sicut
390 729 746 782 ceterarum
817 741 1029 781 rerum
1100 719 1395 802 angustis
1466 725 1532 780 et
1602 715 1908 780 brevibus
1977 714 2269 778 terminis

139 822 467 903 cluditur,
533 821 648 886 sed
717 821 772 886 is
840 830 940 886 est
1007 831 1255 903 orator,
1326 821 1433 905 qui
1506 820 1588 884 de
1659 821 1833 884 omni
1892 819 2269 902 quaestione

139 928 425 1012 pulchre
474 936 539 991 et
586 937 810 991 ornate
869 937 933 990 et
987 926 1070 989 ad
1118 925 1639 1012 persuadendum
1688 935 1838 1010 apte
1889 924 2101 989 dicere
2150 945 2270 1008 pro

139 1032 475 1117 dignitate
517 1055 753 1111 rerum,
799 1031 879 1094 ad
930 1030 1271 1095 utilitatem
1318 1039 1706 1116 temporum,
1754 1052 1900 1094 cum
1933 1028 2269 1113 voluptate

137 1135 546 1200 audientium
571 1137 819 1220 possit“
849 1136 943 1218 sic
973 1135 1264 1200 locutum
1296 1157 1435 1199 esse
1470 1158 1611 1219 cap.
1652 1136 1793 1198 36.:
1827 1157 2018 1216 „cum
2052 1133 2268 1197 mixtis

139 1239 452 1304 omnibus
513 1248 577 1303 et
636 1239 1040 1304 moderatore
1096 1263 1226 1304 uno
1282 1239 1654 1304 carentibus
1702 1248 1949 1303 tantum
2000 1237 2270 1321 quisque

142 1355 374 1408 orator
420 1351 710 1428 saperet,
767 1354 1074 1427 quantum
1125 1343 1362 1408 erranti
1409 1344 1655 1430 populo
1703 1343 2077 1429 persuaderi
2127 1351 2273 1426 pot-

143 1454 329 1513 erat“
382 1459 448 1513 et
495 1471 637 1533 cap.
672 1449 788 1512 37:
843 1472 1049 1532 „quae
1099 1449 1267 1513 mala
1313 1449 1481 1513 sicut
1528 1472 1653 1513 non
1700 1447 1995 1512 accidere
2041 1446 2270 1511 melius

145 1561 249 1616 est
307 1552 495 1636 isque
553 1553 836 1637 optimus
896 1554 1173 1617 civitatis
1220 1563 1431 1617 status
1478 1553 1817 1617 habendus
1863 1560 1981 1633 est,
2029 1553 2094 1615 in
2140 1573 2269 1634 quo

144 1656 308 1720 nihil
367 1657 497 1721 tale
557 1657 869 1741 patimur,
927 1658 1016 1721 ita
1062 1681 1261 1744 quum
1309 1657 1717 1737 acciderent,
1762 1657 2094 1743 ingentem
2140 1656 2272 1720 elo-

147 1761 456 1844 quentiae
516 1764 850 1825 materiam
912 1762 1545 1827 subministrabant.“
1652 1761 1881 1826 Potius
1941 1769 2038 1825 est
2085 1783 2270 1824 acce-

149 1863 441 1929 dendum
511 1865 593 1930 ad
666 1865 748 1931 U.
818 1867 1095 1931 Beckeri
1142 1866 1546 1952 opinionem,
1614 1865 1812 1931 verba
1878 1889 1917 1929 a
1976 1889 2118 1950 cap.
2164 1866 2269 1928 36.

147 1991 357 2051 usque
406 1968 487 2033 ad
535 1992 677 2054 cap.
711 1972 817 2035 40.
895 1968 1185 2036 Secundi
1220 1993 1381 2052 esse,
1431 1970 1604 2053 quod
1638 1970 1949 2056 probetur
1981 1992 2121 2052 cap.
2170 1971 2304 2050 16,

150 2072 263 2137 ubi
324 2073 665 2138 Maternus
722 2097 790 2138 se
850 2084 915 2138 et
975 2073 1347 2139 Secundum
1409 2099 1517 2139 eas
1577 2084 1790 2158 partes
1850 2083 2271 2139 exsecuturas

152 2199 294 2242 esse
356 2179 760 2262 promiserit,
819 2202 980 2262 quas
1037 2180 1471 2244 intellexerint
1519 2180 1892 2244 Messallam
1949 2203 2081 2244 non
2140 2187 2268 2241 tam

153 2283 448 2347 omisisse
497 2305 687 2366 quam
734 2284 891 2367 ipsis
911 2285 1300 2368 ,reliquisse,
1346 2286 1436 2349 ita
1480 2297 1555 2349 ut
1600 2284 1914 2349 Messalla
1958 2285 2269 2363 internaS,

155 2386 500 2453 Secundus
561 2396 860 2452 externas
917 2399 1264 2474 corruptae
1327 2389 1731 2473 eloquentiae
1791 2411 2022 2454 causas
2071 2411 2270 2474 expo-

157 2492 378 2558 suerit.

330 2594 491 2682 Cap.
541 2597 647 2661 36.
708 2606 858 2662 ante
915 2597 1146 2663 verba:
1208 2599 1314 2679 „hi
1374 2610 1440 2664 et
1486 2599 1803 2664 clientelis
1853 2599 2043 2663 etiam
2092 2606 2269 2662 exte-

154 2724 364 2765 rarum
438 2702 767 2766 nationum
840 2702 1322 2786 redundabant,
1383 2705 1556 2770 hos“
1616 2714 1740 2768 cet.
1855 2698 2267 2769 Andresenio

156 2806 464 2888 quaedam
517 2806 839 2872 excidisse
887 2806 1223 2890 videntur,
1286 2832 1483 2892 quum
1531 2832 1661 2872 non
1711 2809 2115 2872 manifestum
2164 2809 2269 2890 sit,

156 2911 263 2993 qui
318 2910 580 2975 tandem
640 2911 729 2975 illi
792 2913 955 2994 sint,
1028 2913 1137 2996 qui
1196 2914 1686 2997 pronominibus
1746 2914 2266 2978 demonstrativis

158 3013 594 3101 designentur.
688 3018 782 3078 At
828 3017 937 3098 qui
985 3017 1317 3101 paululum
1353 3017 1546 3082 modo
1581 3026 1822 3082 attente
1855 3017 2054 3082 verba
2082 3042 2267 3103 prae-

157 3142 377 3205 gressa
442 3120 746 3205 perlegit,
816 3121 924 3184 illa
985 3123 1364 3206 pronomina
1422 3123 1504 3186 ad
1573 3132 1861 3188 oratores
1931 3122 2267 3188 referenda

158 3246 324 3304 esse,
393 3248 524 3288 non
593 3234 814 3308 potest
881 3216 1010 3289 noii
1083 3249 1501 3311 cognoscere.
1617 3228 1722 3292 An
1783 3228 1910 3291 alio
1969 3237 2267 3313 spectent

160 3326 382 3391 verba:
435 3328 627 3411 „quia
673 3337 911 3412 quanto
960 3331 1234 3413 quisque
1267 3331 1414 3415 plus
1451 3331 1730 3396 dicendo
1764 3341 2038 3417 poterat,
2082 3342 2265 3398 tanto

157 3431 406 3496 facilius
453 3431 732 3498 honores
782 3433 1290 3517 assequebatur?

328 3863 579 3947 Restat,
627 3878 698 3929 ut
742 3865 1109 3950 videamuS,
1169 3870 1325 3953 quid
1372 3870 1452 3935 de
1500 3873 1908 3957 glossematis
1957 3882 2021 3939 et
2067 3876 2263 3941 inter-

159 3967 621 4052 polationibus,
668 3992 829 4053 quas
880 3972 1328 4039 Andresenius
1376 3976 1501 4040 sibi
1550 3976 1870 4043 detexisse
1918 3981 2094 4045 visus
2143 3990 2264 4062 est,

158 4070 338 4136 nobis
373 4072 805 4156 judicandum
854 4077 955 4141 sit.

329 4173 487 4266 Cap.
539 4182 636 4245 10.
696 4180 1006 4269 legimus:
1082 4184 1322 4266 „nobis
1381 4188 1539 4253 satis
1595 4188 1880 4279 privatas
1938 4200 2003 4259 et
2058 4192 2264 4256 nostri
