3008 5000
1426 478 1504 487 ⁴...
1600 443 1856 503 42...

589 617 776 682 bilius
859 617 1114 681 videtur
1196 639 1388 700 quam
1470 638 1661 702 posse
1731 614 2010 680 dicendo
2079 625 2298 679 tenere
2367 615 2714 680 hominum

590 730 835 802 coetus,
885 730 1129 785 mentes
1178 721 1470 800 allicere,
1518 721 1887 785 voluntates
1934 720 2305 805 impellere,
2361 742 2487 803 quo
2535 723 2720 800 velit,

590 826 760 890 unde
808 835 1022 890 autem
1055 831 1205 891 velit
1239 826 1625 891 deducere.“
1709 828 1811 890 Ac
1843 850 1921 890 ne
1956 826 2080 890 hoc
2114 824 2377 909 quidem
2410 825 2714 909 exemplo

589 941 700 995 aut
747 931 1064 995 similibus
1112 930 1193 994 ad
1240 930 1586 994 lectionem
1647 930 1978 1015 vulgatam
2026 928 2496 993 defendendam
2544 952 2715 1014 opus

591 1044 721 1114 est,
782 1058 925 1098 nam
976 1035 1083 1098 hic
1131 1035 1491 1119 subjectum
1541 1034 1605 1097 in
1654 1036 1996 1120 participio
2043 1043 2328 1097 armatus
2374 1034 2578 1113 inest,
2623 1033 2723 1097 ita

591 1149 662 1204 ut
718 1162 962 1221 semper
1021 1150 1307 1204 armatus
1368 1139 1579 1203 valeat
1640 1141 1749 1204 eiu
1814 1143 1978 1213 {tcta
2028 1140 2552 1215 fficnmffueter.
2646 1136 2722 1204 Si

593 1249 762 1309 ultro
832 1249 1006 1326 ferat
1075 1246 1292 1308 statim
1353 1253 1502 1329 post
1562 1254 1844 1309 armatus
1903 1244 2303 1328 legeremus,
2370 1242 2480 1306 vix
2536 1243 2720 1325 quis-

602 1371 829 1431 quam,
885 1357 1067 1433 put0,
1127 1348 1370 1412 nodum
1418 1350 1483 1412 in
1533 1350 1750 1433 scirpo
1814 1348 2269 1432 quaesivisset,
2338 1347 2722 1431 praesertim

598 1475 791 1536 quum
852 1455 1044 1518 etiam
1104 1452 1344 1518 Graeci
1409 1453 1631 1518 eadem
1696 1453 1956 1518 dicendi
2013 1453 2260 1517 ratione
2317 1453 2557 1538 passim
2615 1453 2723 1516 usi

595 1558 744 1638 sint,
794 1559 886 1622 uti
937 1558 1246 1643 Aeschyl.
1301 1559 1532 1644 Agam.
1584 1560 1666 1622 69
1715 1581 1857 1641 sqq.
1921 1552 2089 1621 οὔθ’
2137 1556 2499 1621 ὑποκλείωυ
2543 1544 2715 1621 οὔθ’

596 1661 987 1740 ὑπολείβων,
1050 1658 1196 1727 οὔτε
1270 1661 1569 1744 δακρύων
1628 1659 1898 1744 ἀπύρων
1957 1666 2146 1744 ἱερῶν
2207 1657 2410 1743 ὀργάς
2467 1659 2724 1736 ἀτενεῖς

597 1765 1025 1850 παραθέλξει.
1096 1765 1301 1852 Soph.
1341 1770 1444 1853 Aj.
1485 1769 1631 1831 154.
1668 1789 1763 1850 sq.
1815 1769 1942 1829 τῶν
1985 1761 2110 1847 γάρ
2152 1761 2454 1847 μεγάλων
2484 1767 2723 1850 ψυχῶν

596 1874 712 1947 ἱεὶς
772 1870 888 1935 οὐκ
947 1865 1033 1934 ἂν
1092 1869 1400 1953 ἁμάρτοι.
1492 1871 1765 1936 Hesiod.
1817 1870 1990 1956 Opp.
2047 1874 2147 1937 12.
2196 1867 2321 1948 τὴν
2368 1873 2486 1953 μὲν
2534 1875 2723 1932 ἐπαι-

600 1975 810 2054 νήσειε
860 1973 1123 2056 νοήσας.

773 2081 876 2143 De
932 2080 1180 2145 lacunis
1239 2081 1659 2165 amplioribus
1709 2079 2155 2144 Andresenius
2220 2079 2407 2143 affert
2454 2088 2720 2143 senten-

598 2185 751 2248 tiam
810 2185 1215 2265 Heumanni,
1281 2185 1440 2250 duas
1513 2194 1803 2249 statuens
1863 2207 2005 2269 cap.
2052 2186 2154 2248 36.
2204 2184 2462 2246 ineunte
2519 2191 2718 2266 atque

601 2313 741 2375 cap.
791 2293 896 2353 40.
957 2299 1102 2353 ante
1148 2289 1376 2353 verba:
1440 2312 1611 2368 „non
1660 2289 1739 2352 de
1799 2289 2067 2352 otiosa.“
2159 2287 2340 2351 Idem
2390 2288 2579 2352 etiam
2630 2287 2719 2352 de

597 2396 892 2479 personis
965 2393 1484 2477 colloquentibus
1544 2393 1771 2474 sentit,
1840 2392 2012 2475 quod
2071 2392 2534 2473 Heumannus,
2603 2393 2720 2475 qui

596 2522 959 2563 sermonem
1006 2523 1044 2562 a
1090 2520 1229 2583 cap.
1265 2499 1370 2563 36.
1419 2521 1623 2581 usque
1671 2495 1753 2562 ad
1793 2520 1932 2582 cap.
1968 2498 2072 2561 40.
2152 2495 2502 2561 Messallae
2532 2495 2724 2559 attri-

599 2603 771 2685 buit,
831 2603 940 2668 ubi
990 2603 1272 2668 Materni
1322 2604 1529 2667 oratio
1577 2611 1914 2686 sequatur,
1964 2625 2113 2665 nam
2162 2600 2338 2684 quod
2388 2600 2725 2665 Andrese-

596 2711 744 2773 nius
805 2710 926 2773 ait:
988 2711 1131 2789 „Ac
1193 2732 1420 2795 reapse
1478 2708 1586 2773 hic
1646 2708 1832 2772 locus
1889 2709 1945 2772 is
2002 2716 2129 2789 est,
2187 2707 2299 2790 qui
2361 2706 2441 2770 de
2487 2707 2727 2770 lacuna

605 2815 891 2900 cogitare
949 2815 1142 2878 etiam
1202 2814 1441 2878 invitos
1488 2836 1608 2877 nos
1646 2812 1900 2898 jubeat:
1959 2812 2027 2875 id
2075 2809 2247 2895 quod
2295 2811 2396 2875 vel
2445 2834 2521 2875 eo
2568 2833 2728 2874 con-

606 2921 918 3000 firmatur,
965 2918 1140 3002 quod
1188 2918 1649 2998 HeumannUS,
1709 2920 1871 2980 nihil
1912 2920 2022 2980 ille
2067 2919 2311 2998 quidem
2362 2918 2438 2979 de
2480 2924 2731 2978 mutata

610 3046 890 3106 persona
923 3028 1292 3105 conjicient-³,
1327 3022 1531 3086 multa
1564 3021 1690 3086 hoc
1721 3022 1867 3107 ipso
1899 3021 2047 3084 loco
2079 3018 2480 3084 intercidisse
2514 3019 2730 3103 suspi-

610 3138 794 3193 catus
845 3132 982 3193 est“
1032 3128 1096 3192 id
1159 3129 1375 3211 utique
1438 3126 1614 3191 aliud
1677 3149 1877 3211 agens
1936 3124 2354 3210 perscripsit,
2419 3124 2730 3207 quoniam

610 3234 983 3298 Heumanni
1031 3234 1228 3297 verba
1273 3230 1355 3295 ad
1419 3254 1562 3316 cap.
1599 3233 1706 3296 40.
1762 3230 1984 3295 addita
2029 3229 2189 3293 haec
2236 3237 2417 3293 sunt:
2470 3227 2734 3309 „Vehe-

609 3347 858 3402 menter
912 3338 1137 3414 miror,
1199 3337 1515 3400 neminem
1577 3336 1990 3416 observasse,
2049 3334 2157 3398 hic
2215 3335 2540 3420 ingentem
2589 3355 2733 3398 esse

610 3444 891 3523 hiatum,
951 3466 1146 3526 quum
1195 3451 1411 3505 tamen
1456 3438 1918 3525 praecedentia
1964 3438 2164 3503 verba
2210 3437 2340 3502 sint
2387 3436 2732 3501 Messallae

610 3541 872 3614 causam
945 3546 1352 3632 eloquentiae
1423 3546 1713 3632 agentis,
1790 3544 2156 3631 posteriora
2228 3542 2555 3624 Materni,
2624 3541 2736 3625 qui

608 3662 838 3718 contra
885 3662 1176 3717 oratores
1226 3673 1578 3734 eorumque
1627 3659 1828 3714 artem
1874 3650 2073 3730 verba
2116 3649 2295 3729 facit,
2339 3646 2408 3711 id
2455 3645 2634 3731 quod
2667 3668 2737 3711 se

605 3758 925 3822 facturum
973 3779 1169 3840 supra
1216 3778 1356 3840 cap.
1406 3754 1531 3818 XI.
1583 3755 1989 3839 promiserat.
2081 3751 2279 3817 Unde
2326 3773 2467 3836 cap.
2500 3749 2724 3815 XLII.

606 3870 827 3927 noster
878 3861 1115 3944 inquit:
1170 3860 1500 3939 „Finierat
1547 3858 1951 3922 Maternus.“
2044 3856 2471 3921 Manifestum
2517 3856 2736 3938 itaque

608 3977 727 4048 est,
775 3966 1095 4050 permulta
1140 3964 1246 4029 hic
1293 3962 1621 4028 excidisse
1668 3985 1744 4026 ac
1775 3962 2127 4027 Messallae
2178 3962 2535 4025 orationem
2579 3960 2743 4046 fine,

616 4071 903 4136 Materni
950 4069 1220 4133 exordio
1270 4073 1553 4132 carere.“
1646 4066 1793 4131 Nec
1841 4078 2058 4133 tamen
2103 4065 2415 4131 credibile
2462 4063 2745 4139 videtur,

520 4189 525 4192 ’
615 4175 1029 4256 Messallam,
1087 4185 1313 4259 utpote
1369 4181 1590 4237 vetera
1648 4181 1898 4237 tantum
1957 4184 2020 4236 et
2068 4172 2330 4253 antiqua
2375 4169 2742 4236 mirantem,

2435 4411 2464 4438 l
