3008 5000
1106 452 1539 516 ...23—

252 652 412 695 esse
460 630 921 696 existimantes·
995 626 1167 709 Quia
1197 627 1462 712 quidem
1489 627 1720 693 verba:
1773 647 1962 708 „cum
1998 619 2380 692 condicione

256 742 636 819 temporum
684 744 749 799 et
802 733 1179 798 diversitate
1226 733 1518 797 aurium“
1569 754 1691 797 nec
1738 734 2039 795 mutanda
2086 753 2207 795 nec
2252 753 2384 795 mu-

257 848 412 903 tata
468 839 757 925 suppleri
816 837 1216 919 concedunt,
1274 836 1823 922 praepositionem
1886 858 2018 900 cum
2064 835 2192 900 hoc
2236 836 2384 901 loco

257 967 403 1009 non
442 966 570 1009 una
616 966 750 1009 cum
793 944 1010 1008 valere
1053 942 1532 1026 apertissimum
1564 951 1684 1007 est.
1763 937 1942 1022 Quid
1972 964 2126 1005 vero
2160 940 2387 1006 eadem

260 1048 640 1135 significet?
708 1048 896 1113 Nihil
967 1047 1093 1130 nisi
1160 1051 1600 1112 convenienter
1660 1069 1793 1112 cum
1858 1069 1975 1111 seu
2031 1049 2384 1110 secundum.

259 1151 503 1217 Hocce
569 1154 741 1217 enim
802 1153 1205 1217 enuntiatum
1261 1175 1299 1215 a
1356 1151 1675 1236 superiori
1737 1173 1880 1235 cap.
1929 1151 2037 1215 18:
2101 1150 2390 1232 „mutari

262 1279 420 1322 cum
468 1257 866 1343 temporibus
913 1258 1156 1322 formas
1204 1266 1269 1321 et
1313 1279 1555 1343 genera
1602 1256 1903 1320 dicendi“
1954 1255 2116 1320 bene
2162 1254 2389 1320 distin-

263 1362 604 1449 guendum
661 1385 804 1427 esse
840 1366 976 1448 jam
1026 1362 1298 1427 diversis
1355 1362 1582 1427 formis
1629 1350 1999 1426 verbalibus
2045 1366 2283 1426 mutari
2327 1369 2391 1425 et

264 1489 415 1532 esse
481 1471 844 1532 mutandam
901 1467 1299 1549 declaratur,
1370 1489 1642 1550 quarum
1700 1466 1902 1531 altera
1961 1465 2041 1530 ad
2098 1474 2392 1551 tempora

264 1579 545 1657 spectat*
580 1572 993 1657 imperfecta,
1050 1571 1253 1636 altera
1300 1570 1381 1634 ad
1427 1593 1533 1635 res
1570 1574 1840 1655 jamjam
1885 1571 2244 1655 perfectas,
2301 1570 2392 1634 ita

263 1684 342 1739 ut
402 1673 667 1741 Cassius
726 1673 1008 1741 Severus
1065 1674 1311 1739 vidisse
1369 1674 1657 1756 dicatur,
1730 1676 2186 1739 convenienter
2244 1697 2390 1739 cum

268 1780 654 1846 condicione
703 1803 970 1846 suorum
1014 1789 1383 1865 temporum
1431 1788 1495 1843 et
1544 1779 1918 1845 diversitate
1966 1780 2213 1844 aurium
2259 1781 2391 1844 for-

266 1908 443 1958 mam
523 1906 784 1970 quoque
867 1908 943 1949 ac
1025 1885 1313 1969 speciem
1395 1883 1708 1948 orationis
1779 1906 1923 1949 esse
1992 1883 2388 1948 mutandam.

188 2046 193 2051 .
269 1987 410 2056 Cfr.
470 1988 615 2054 Liv.
675 1989 924 2071 XXII,
994 1990 1112 2054 22:
1211 1988 1525 2070 „Abelux
1604 1996 1744 2053 erat
1812 1986 2088 2074 Sagunti
2156 1988 2393 2054 nobilis

268 2092 644 2178 HispanuS,
713 2092 884 2158 fidus
950 2100 1098 2157 ante
1155 2092 1436 2156 Poenis:
1491 2100 1632 2155 tum
1700 2093 1978 2176 (qualia
2013 2093 2392 2178 plerumque

273 2207 427 2263 sunt
516 2198 940 2263 barbarorum
1029 2198 1331 2284 ingenia)
1435 2220 1583 2262 cum
1683 2197 1945 2262 fortuna
2035 2207 2395 2263 mutaverat

271 2302 487 2368 fidem.
512 2305 545 2339 “

451 2404 613 2491 Cap.
676 2404 906 2469 eodem
975 2404 1189 2472 medio
1249 2406 1433 2490 Aper
1493 2405 1853 2486 disserens,
1923 2404 2080 2488 quid
2137 2404 2394 2470 intersit

273 2513 442 2576 inter
487 2521 777 2576 oratores
824 2512 1123 2595 antiquos
1168 2520 1232 2575 et
1261 2511 1431 2575 inter
1461 2511 1893 2576 recentiores:
1946 2534 2108 2592 „nec
2141 2511 2395 2593 mirum,

273 2617 518 2701 inquit,
577 2625 761 2682 erant
818 2617 986 2682 enim
1045 2616 1207 2681 haec
1263 2640 1435 2681 nova
1493 2626 1558 2681 et
1610 2617 1964 2703 incognita,
1992 2625 2057 2681 et
2100 2617 2393 2702 ipsorum

276 2743 532 2805 quoque
615 2731 945 2786 oratorum
1025 2722 1401 2807 paucissimi
1465 2731 1818 2808 praecepta
1882 2720 2212 2786 rhetorum
2282 2730 2395 2786 aut

279 2825 817 2911 philosophorum
886 2827 1131 2912 placita
1201 2836 1665 2914 cognoverant.
1774 2827 1871 2891 At
1927 2825 2189 2892 hercule
2248 2850 2393 2911 per-

274 2931 553 3018 vulgatis
601 2934 737 3017 jam
800 2933 1135 3014 omnibus,
1206 2955 1402 3015 quum
1462 2932 1572 2997 vix
1630 2933 1695 2996 in
1755 2954 1993 2997 corona
2047 2932 2392 3015 quisquam

278 3036 555 3116 assistat,
603 3037 760 3120 quin
807 3037 1140 3102 elementis
1188 3037 1568 3102 studiorum
1597 3037 1651 3102 si
1697 3060 1829 3101 non
1876 3037 2267 3119 instructuS,
2328 3045 2395 3100 at

280 3148 451 3205 certe
515 3140 799 3206 imbutus
860 3142 983 3206 sit“
1035 3150 1155 3206 cet.
1248 3141 1661 3206 Andresenio
1716 3165 1925 3226 neque
1971 3141 2167 3206 lectio
2216 3140 2396 3206 codi-‘

280 3266 452 3322 cum,
511 3267 674 3328 quae
724 3255 823 3310 est
870 3249 1154 3326 cortina,
1210 3269 1419 3330 neque
1467 3249 1843 3332 conjectura
1891 3267 2129 3310 corona
2176 3269 2212 3310 a
2258 3245 2394 3331 ple-

279 3349 494 3433 risque
556 3358 817 3435 recepta
884 3351 1229 3431 satisfacit,
1300 3351 1476 3434 quod
1511 3355 1612 3414 -ἱη
1670 3373 1913 3415 corona
1982 3373 2114 3414 non
2183 3350 2393 3415 solum

281 3453 581 3537 abundet,
630 3454 744 3520 sed
777 3457 969 3520 etiam
1002 3460 1115 3520 vim
1143 3455 1495 3541 particulae
1541 3465 1881 3542 repugnet.
1971 3455 2393 3541 Interrogans

284 3570 512 3641 autem,
569 3560 831 3624 ubinam
876 3559 1143 3625 tandem
1188 3561 1420 3644 reliqui
1467 3561 1845 3641 asstiterint,
1894 3560 2005 3643 qui
2059 3560 2392 3625 elementis

248 3664 638 3730 studiorum
686 3689 816 3731 non
865 3666 1074 3730 solum
1122 3665 1367 3731 imbute
1415 3666 1532 3731 sed
1578 3666 1877 3731 instructi
1922 3667 2197 3747 fuerint,
2253 3674 2394 3730 tan·-

283 3777 413 3833 tum
480 3768 674 3833 modo
745 3769 1036 3834 cavillari
1096 3769 1387 3851 videtur,
1455 3794 1606 3836 nam
1666 3770 1995 3835 auditores
2058 3771 2391 3835 elementis

285 3873 638 3939 studiorum
685 3883 817 3938 tam
863 3875 1220 3943 instructos
1267 3898 1457 3959 quam
1487 3875 1772 3940 imbutos
1804 3875 2172 3961 promiscue
2205 3875 2392 3940 assti-

284 3978 433 4044 tisse
500 3979 909 4045 notissimum
983 3988 1099 4045 est.
1214 3977 1412 4061 Quod
1479 3980 1935 4046 Andresenius
2006 3981 2392 4045 sententiam

291 4104 467 4165 „cum
524 4084 635 4148 vix
679 4082 772 4149 de
826 4085 1120 4151 tunicato
1173 4084 1300 4150 hoc
1361 4086 1604 4171 populo
1670 4085 1963 4166 assistat,
2017 4085 2212 4168 quin“
2265 4093 2389 4150 cet.

287 4189 377 4253 vel
439 4210 629 4271 „cum
682 4189 794 4254 vix
846 4190 910 4255 in
957 4188 1422 4257 sordidissimis
1470 4200 1665 4276 atque
1713 4190 2084 4256 humillimis
2119 4189 2389 4276 judiciis
