3008 5000
1090 476 1523 538 ...11-

234 650 522 717 Graecis
546 649 889 724 Naccidisse
934 660 1009 715 ut
1066 650 1325 736 longius
1381 648 1553 713 absit
1607 645 1688 712 ab
1736 646 2066 711 Aeschine
2119 654 2183 710 et
2225 645 2361 710 De-

237 755 585 820 mosthene
631 752 955 820 Sacerdos
1001 754 1106 817 ille
1138 753 1407 818 Nicetes
1440 762 1506 817 et
1553 752 1607 817 si
1655 753 1798 834 quis
1830 751 1993 816 alius
2022 751 2360 835 Ephesum

230 848 341 924 vel
410 859 764 945 Mytilenas
842 869 1159 922 concentu
1231 857 1765 922 scholasticorum
1836 865 1903 921 et
1970 855 2360 920 clamoribus

236 964 477 1046 quatit,
523 985 716 1045 quam
748 962 912 1025 Afer
955 969 1068 1026 aut
1101 962 1449 1026 Africanus
1497 968 1611 1024 aut
1640 982 1756 1025 vos
1802 958 1924 1044 ipsi
1973 982 2011 1023 a
2041 955 2360 1023 Cicerone

232 1074 357 1131 aut
413 1067 645 1131 Asinio
688 1065 1070 1131 recessistis.
1175 1065 1646 1146 Andresenius,
1697 1064 1803 1128 cui
1848 1064 1953 1127 hic
1997 1064 2182 1128 locus
2231 1063 2363 1128 dis-

231 1171 556 1256 plicebat:
608 1170 941 1252 „Primum
988 1170 1180 1251 enim,
1225 1170 1457 1251 inquit,
1507 1167 1747 1233 Graeci
1795 1172 1983 1232 etiam
2037 1167 2363 1252 particula

231 1279 335 1341 ita
391 1275 830 1360 adjunguntur
873 1273 1220 1354 Romanis,
1288 1282 1360 1337 ut
1414 1274 1671 1354 utrique
1738 1271 1911 1336 idem
1979 1271 2157 1356 passi
2217 1293 2360 1336 esse

240 1378 579 1457 dicantur3
639 1380 853 1461 itaque
901 1377 1213 1442 Romanis
1271 1376 1589 1440 accidisse
1647 1375 1916 1456 dicitur,
1972 1384 2046 1439 ut
2100 1374 2360 1461 longius

236 1483 416 1549 absit
459 1483 540 1547 ab
575 1482 902 1547 Aeschine
949 1490 1013 1545 et
1043 1480 1486 1545 Demosthene
1520 1477 1843 1545 Sacerdos
1887 1478 1995 1543 ille
2019 1478 2355 1543 ,Nicetes“

238 1597 373 1653 cet.
483 1585 658 1668 Quid
716 1584 1092 1652 emendator
1156 1585 1279 1650 sibi
1337 1585 1528 1666 velit,
1598 1608 1728 1649 non
1785 1606 2097 1668 assequor
2151 1604 2360 1666 neque

244 1692 612 1777 perspici0‚
682 1713 798 1755 cur
854 1689 984 1776 legi
1034 1689 1290 1775 jubeat:
1365 1689 1559 1772 „quia
1614 1688 1803 1753 video
1861 1690 2024 1752 idem
2084 1686 2360 1752 Graecis

239 1794 585 1877 accidisse,
633 1805 706 1858 ut
749 1798 937 1859 etiam
981 1793 1240 1879 longius
1289 1794 1499 1857 absit“
1550 1802 1672 1858 cet.
1773 1792 2035 1857 Etenim
2083 1793 2138 1857 si
2186 1791 2360 1876 apud

248 1897 548 1963 Graecos
572 1898 829 1983 longius
846 1896 1030 1961 abest
1055 1896 1136 1961 ab
1150 1897 1478 1961 Aeschine
1502 1905 1570 1960 et
1587 1895 2028 1961 Demosthene
2042 1893 2367 1962 Sacerdos

240 2002 514 2067 Nicetes
560 2024 753 2084 quam
798 1999 976 2085 apud
1019 1999 1352 2064 Romanos
1398 2001 1562 2064 Afer
1615 2010 1728 2064 aut
1771 2001 2121 2064 Africanus
2167 2023 2205 2064 a
2251 1996 2365 2063 Ci-

244 2128 517 2186 cerone,
573 2104 814 2170 Graeci
869 2105 1163 2189 profecto
1223 2113 1417 2187 atque
1474 2103 1750 2168 Romani
1812 2126 1941 2168 non
1996 2107 2161 2169 idem
2216 2126 2363 2188 per-

247 2210 418 2293 pessi
463 2219 633 2290 sunt‚
680 2207 795 2273 sed
843 2205 1086 2273 Graeci
1130 2207 1355 2292 utique
1402 2217 1796 2292 acceperunt
1838 2209 2147 2293 majorem
2196 2207 2365 2272 cala-

244 2314 554 2378 mitatem.

429 2417 580 2482 Nec
628 2416 884 2503 generis
932 2408 1266 2481 dissimilis
1298 2416 1454 2480 mihi
1485 2415 1745 2481 videtur
1772 2415 1933 2480 haec
1967 2413 2358 2480 Andresenii

251 2526 628 2609 conjectura
673 2544 847 2588 essex
899 2544 1135 2606 „quam
1180 2523 1347 2586 Afer
1391 2531 1504 2586 aut
1533 2521 1886 2586 Africanus
1933 2530 2043 2585 aut
2084 2520 2360 2604 nosipsi

248 2652 289 2691 a
336 2625 653 2692 Cicerone
713 2629 1129 2691 recessimus“
1190 2648 1307 2711 pro
1358 2648 1592 2709 „quam
1639 2626 1804 2690 Afer
1849 2634 1961 2689 aut
2004 2624 2359 2689 Africanus

245 2740 359 2796 aut
397 2751 509 2795 vos
570 2730 693 2813 ipsi
724 2753 762 2794 a
794 2726 1112 2796 Cicerone
1170 2739 1280 2794 aut
1324 2730 1557 2794 Asinio
1603 2732 2015 2794 recessistis“
2062 2729 2185 2793 etsi
2220 2730 2356 2813 jam

248 2834 488 2900 Nastio
557 2833 726 2899 idem
797 2835 975 2899 venit
1039 2836 1105 2898 in
1165 2843 1445 2898 mentem
1506 2834 1600 2898 sic
1658 2832 2141 2918 interpretanti:
2207 2835 2358 2899 belm

245 2958 411 3005 metm
456 2941 663 3007 ennete
708 2942 805 3019 fid)
850 2939 958 3005 mit
1005 2943 1131 3005 bem
1178 2942 1361 3005 leeteu
1392 2940 1589 3015 Zrofte
1623 2938 1941 3023 begufigeu,
1991 2939 2102 3014 bu&
2151 2946 2214 3002 εδ
2249 2938 2355 3002 beu

245 3043 520 3125 OEtiecben
576 3044 723 3123 nicht
777 3044 948 3126 heffet
1004 3062 1287 3128 etgunqen
1334 3043 1441 3123 fei,
1503 3046 1601 3109 016
1648 3052 1798 3124 une,
1856 3043 1914 3118 fo
1961 3041 2233 3120 miinfcbte
2278 3041 2356 3120 iet)

243 3167 346 3215 um
390 3149 448 3224 fo
495 3150 608 3215 niet
655 3150 809 3230 mett
855 3148 948 3214 bie
996 3149 1266 3227 utfacben
1313 3166 1380 3232 gu
1428 3147 1642 3228 miffen,
1689 3165 1909 3213 mutum
1956 3145 2048 3212 bie
2095 3145 2353 3224 rssmifcbe

245 3251 668 3330 ffietebfctmfeit
712 3252 774 3319 in
825 3252 1058 3331 unieten
1104 3253 1299 3336 ‘lagen
1348 3252 1621 3336 gesunfen
1667 3251 1755 3332 ist,
1808 3251 2000 3337 gefesst
2044 3251 2197 3331 aud),
2246 3250 2358 3327 bas

247 3356 346 3422 bet
376 3357 629 3437 albstanb
679 3357 839 3423 eines
873 3356 1170 3433 ‘aeschines
1202 3357 1322 3422 unb
1355 3355 1776 3440 Demosthene&
1810 3370 1923 3421 non
1957 3355 2083 3421 bem
2114 3353 2361 3439 {Etiestet

248 3461 480 3529 fflicetess
529 3461 649 3528 unt>
698 3475 814 3529 non
860 3464 966 3529 ben
1013 3464 1440 3547 mulgerecbten
1486 3462 1758 3527 ffiebnetn
1805 3479 1877 3545 gu
1921 3458 2191 3544 OEpbefuss
2237 3458 2357 3526 unb

246 3565 538 3647 ffltntitene
583 3568 717 3645 noct)
766 3568 965 3650 gtssfiet
1010 3564 1180 3646 mdte,
1235 3566 1332 3631 013
1382 3583 1438 3631 et
1484 3564 1740 3650 ginifcben
1787 3564 1925 3642 ‘ufer
1972 3563 2090 3630 unb
2139 3563 2361 3642 &stitus

246 3680 364 3736 nus
438 3672 572 3738 obet
640 3672 894 3757 gmiffflen
968 3679 1085 3738 une
1156 3670 1317 3749 felbst
1374 3684 1488 3736 non
1547 3670 1645 3735 bet
1704 3669 1867 3736 einen
1923 3670 2043 3735 unt>
2104 3668 2358 3755 gmifcben

251 3774 450 3842 (Eiceto
500 3775 634 3841 obet
679 3774 922 3856 ‘minine
970 3789 1083 3842 non
1133 3776 1229 3840 Det
1275 3774 1492 3841 nubem
1540 3773 1715 3840 &cite
1762 3792 2176 3858 angenommen
2222 3790 2359 3840 mets

251 3881 355 3946 ben
401 3879 547 3955 bats.
610 3917 697 3927 —
757 3876 890 3945 Sed
938 3878 1282 3960 Messalla,
1343 3878 1454 3961 qui
1508 3886 1729 3942 vetera
1786 3884 2036 3942 tantum
2083 3884 2151 3941 et
2194 3876 2358 3941 anti-

254 4005 376 4066 qua
419 3982 688 4048 miratus
735 4005 900 4064 esse,
949 4005 1103 4047 suae
1135 3992 1347 4047 autem
1380 3982 1609 4047 aetatis
1643 3981 1859 4045 studia
1887 3980 2051 4045 adeo
2082 3980 2359 4046 irrisisse

252 4093 441 4169 atque
510 4087 978 4171 contempsisse
1049 4107 1248 4170 supra
1313 4085 1527 4150 dictus
1596 4093 1729 4166 est,
1810 4093 1884 4149 ut
1952 4085 2131 4149 nulla
2199 4107 2356 4150 suae

253 4191 592 4273 fratrisque
652 4191 1056 4274 eloquentiae
1112 4191 1361 4254 ratione
1407 4188 1630 4253 habita
1676 4189 1996 4253 neminem
2044 4189 2143 4253 sui
2191 4198 2354 4259 tem-
