3008 5000
1488 465 1927 528 ..14-

653 637 872 720 testis,
926 645 999 703 ut
1052 637 1299 720 facitis,
1354 637 1671 703 illustrate
1727 638 2061 703 saeculum
2117 646 2414 704 nostrum
2465 638 2794 724 pulcher-

655 743 820 808 rimo
882 766 1122 831 genere
1176 742 1502 810 dicendi.“
1619 741 1807 825 Quae
1874 751 1947 808 ut
1998 743 2324 809 immutari
2355 754 2657 829 ‘possent
2717 746 2793 810 ei

657 848 988 933 superiora
1060 869 1364 933 perverse
1432 846 1820 933 explicanda
1892 855 2097 912 erant.
2208 847 2437 931 Itaque
2506 848 2621 930 „in
2680 848 2788 913 eis

656 953 858 1034 enim,
927 953 1050 1036 ait,
1117 976 1280 1037 quae
1326 960 1519 1018 antea
1574 951 1886 1039 legimuS,
1956 954 2138 1036 Aper
2194 951 2483 1036 loquitur
2527 951 2608 1018 de
2656 952 2791 1034 eie,

657 1058 770 1142 qui
811 1058 1161 1124 —Lucilium
1217 1081 1337 1143 pro
1395 1057 1677 1122 Horatio
1738 1065 1804 1122 et
1846 1057 2227 1122 Lucretium
2294 1079 2415 1142 pro
2477 1056 2786 1144 Vergilio

656 1163 881 1249 legunt
928 1171 1051 1227 cet.
1141 1161 1235 1226 Hi
1291 1161 1526 1247 igitur,
1570 1161 1812 1244 inquit,
1879 1160 1990 1243 qui
2044 1168 2180 1225 tam
2232 1160 2480 1225 inculto
2539 1168 2606 1225 et
2657 1160 2794 1226 im-

657 1265 863 1352 polito
921 1264 1180 1331 dicendi
1239 1287 1477 1352 genere
1546 1272 1853 1346 utuntur,
1918 1286 2048 1329 non
2105 1272 2388 1349 possunt
2443 1265 2794 1330 saeculum

658 1378 952 1435 nostrum
1018 1370 1408 1435 illustrare.“
1518 1366 1777 1451 Quibus
1845 1367 2106 1434 tandem
2181 1368 2246 1432 in
2318 1369 2533 1434 verbis
2599 1369 2794 1451 insit,

658 1497 782 1562 ego
838 1473 1141 1561 detegere
1196 1495 1470 1558 nequeo.
1562 1474 1921 1557 Postquam
1977 1473 2149 1537 enim
2207 1474 2391 1559 Aper
2450 1472 2531 1539 de
2575 1496 2792 1559 prava

659 1577 1073 1662 antiquorum
1148 1578 1509 1642 imitatione
1580 1576 1840 1642 locutus
1912 1586 2043 1659 est,
2123 1598 2264 1658 eos,
2330 1578 2439 1661 qui
2518 1576 2791 1658 adsunt,

661 1684 1067 1765 cohortatur,
1135 1690 1211 1747 ut
1270 1683 1599 1748 saeculum
1655 1704 1845 1746 suum
1903 1681 2230 1746 illustrare
2286 1690 2593 1769 pergant,
2647 1682 2791 1747 lae-

658 1787 910 1854 tissima
967 1809 1259 1872 quaeque
1317 1787 1732 1871 antiquorum
1785 1787 2133 1852 imitantes.
2244 1786 2494 1853 Pravae
2562 1795 2789 1852 autem

660 1909 1072 1992 antiquorum
1154 1907 1500 1972 imitationi
1576 1906 1930 1992 opponitur
2003 1915 2202 1972 recta.
2338 1906 2786 1991 Nequaquam

659 2012 861 2100 igitur
915 2011 1022 2076 hic
1077 2012 1261 2078 locus
1307 2010 1881 2097 reprehendendus
1929 2012 2320 2095 minimeque
2367 2010 2788 2077 Andresenio

657 2116 752 2180 ita
798 2116 1315 2201 corrumpendus
1373 2125 1545 2180 erat:
1612 2138 1771 2198 „vos
1817 2138 1997 2197 ver0,
2043 2115 2451 2180 disertissimi
2493 2118 2623 2179 viri
2661 2136 2789 2197 po-

662 2224 881 2304 testiS,
935 2229 1009 2285 ut
1062 2220 1309 2304 facitis,
1369 2224 1705 2286 illustrare
1757 2221 2088 2287 saeculum
2133 2228 2425 2285 nostrum
2473 2220 2786 2305 pulcher-

661 2326 827 2391 rimo
874 2347 1110 2412 genere
1163 2324 1488 2391 dicendi.“

843 2426 1006 2516 Cap.
1041 2430 1147 2494 26.
1194 2430 1333 2494 init.
1404 2429 1755 2496 Messallae
1786 2428 1988 2495 verba
2015 2430 2179 2495 haec
2210 2437 2395 2495 sunt:
2448 2437 2784 2512 „ceterum

662 2536 718 2602 si
775 2535 1017 2600 omisso
1075 2535 1323 2620 optimo
1382 2536 1495 2600 illo
1557 2545 1622 2600 et
1666 2535 2143 2621 perfectissimo
2191 2558 2429 2622 genere
2476 2536 2787 2620 eloquen-

662 2639 791 2706 tiae
837 2639 1133 2727 eligenda
1183 2641 1270 2705 sit
1313 2640 1524 2705 forma
1555 2640 1837 2723 dicendi,
1885 2640 2102 2704 malim
2134 2638 2351 2704 hercle
2384 2636 2460 2704 C.
2495 2638 2789 2706 Gracchi

663 2745 976 2831 impetum
1032 2752 1143 2809 aut
1197 2743 1278 2808 L.
1337 2741 1564 2810 Crassi
1621 2745 2061 2810 maturitatem
2122 2767 2318 2828 quam
2377 2744 2786 2810 calamistros

666 2847 1072 2931 Maecenatis
1118 2856 1231 2913 aut
1273 2848 1545 2914 tinnitus
1594 2847 1948 2916 Gallionis:
2013 2849 2177 2914 adeo
2226 2848 2455 2914 melius
2501 2856 2602 2914 est
2646 2871 2790 2913 ora-

668 2963 876 3018 torem
920 2953 1025 3017 vel
1071 2955 1246 3017 hirta
1292 2963 1445 3036 toya
1491 2955 1751 3018 induere
1797 2975 1990 3037 quam
2033 2953 2268 3018 fucatis
2302 2962 2369 3018 et
2396 2951 2785 3018 meretriciis

665 3056 958 3123 vestibus
1013 3056 1343 3145 insignire.
1447 3056 1686 3141 Neque
1743 3057 1914 3123 enim
1975 3057 2295 3122 oratorius
2351 3058 2511 3139 iste,
2566 3057 2789 3138 immo,

670 3161 954 3245 hercule,
1000 3184 1081 3226 ne
1126 3161 1330 3228 virilis
1376 3161 1639 3245 quidem
1688 3163 1902 3228 cultus
1949 3169 2070 3242 est,
2116 3183 2247 3245 quo
2293 3161 2585 3247 plerique
2622 3170 2788 3225 tem-

671 3287 906 3352 porum
964 3272 1337 3330 nostrorum
1391 3275 1649 3331 actores
1703 3267 1797 3330 ita
1854 3272 2125 3330 utuntur
2144 3270 2180 3300 “
2230 3273 2351 3329 cet.
2444 3260 2597 3345 Quo
2643 3265 2791 3329 loco

671 3369 1122 3436 Andresenius
1183 3369 1385 3435 verba
1438 3372 1613 3435 hirta
1660 3379 1815 3452 toqa
1858 3371 2118 3433 induere
2162 3367 2590 3452 improbavit,
2637 3392 2790 3434 nam

675 3475 810 3541 sive
857 3475 1267 3540 accusativus
1316 3496 1462 3540 cum
1502 3474 1823 3538 infinitivo
1853 3472 2107 3558 positus
2140 3471 2246 3554 sit,
2291 3472 2541 3537 nullum
2570 3473 2789 3538 locum

676 3577 891 3644 afferri
955 3600 1186 3664 posse,
1248 3579 1363 3644 ubi
1429 3587 1585 3661 toya
1640 3579 1901 3641 induere
1955 3574 2131 3641 idem
2192 3576 2278 3641 sit
2335 3575 2511 3659 quod
2575 3586 2790 3658 toqam

676 3687 969 3762 induere,
1031 3683 1166 3749 sive
1221 3683 1637 3748 accusativus
1694 3688 2101 3760 (oratorem)
2158 3703 2192 3745 e
2224 3681 2438 3746 verbo
2481 3681 2791 3747 induendi

674 3787 980 3875 pendeat,
1023 3810 1279 3853 rursum
1325 3787 1571 3872 quaeri,
1614 3786 1759 3871 quis
1805 3784 2070 3851 tandem
2115 3794 2437 3851 oratorem
2470 3793 2581 3850 aut
2614 3786 2784 3851 hirta

672 3904 829 3981 toga
873 3893 1141 3959 induere
1185 3903 1298 3959 aut
1340 3892 1574 3959 fucatis
1619 3901 1687 3958 et
1730 3891 2111 3957 meretriciis
2141 3891 2432 3957 vestibus
2471 3890 2777 3978 insignire

682 3998 1146 4064 existimandus
1192 3998 1294 4064 sit.
1397 3996 1635 4063 Itidem
1682 4005 1898 4063 autem
1943 3993 2178 4062 Ritteri
2224 3999 2667 4081 conjecturam
2710 3996 2789 4061 ab

675 4103 968 4189 Hauptio
1027 4098 1541 4169 commendatam
1599 4105 1831 4168 hirtam
1884 4112 2100 4184 toqam
2157 4109 2223 4165 et
2278 4103 2584 4183 insiym‘ri
2653 4121 2782 4164 non

685 4207 1003 4301 probavit,
1058 4230 1217 4293 quo,
1265 4216 1338 4272 ut
1379 4206 1670 4290 videtur,
1721 4208 1862 4293 ipse
1909 4204 2156 4290 aliquid
2203 4203 2350 4269 novi
2398 4203 2464 4268 in
2513 4202 2789 4268 medium
