3008 5000
1398 365 1840 428 —40-

751 540 910 626 Cap.
958 541 1060 605 36.
1111 539 1222 605 ubi
1269 539 1350 604 de
1396 539 1606 627 gloria
1648 538 2082 624 praemiisque
2139 536 2546 621 eloquentiae
2594 536 2696 602 di-

575 647 763 728 citur,
811 646 973 709 haec
1020 644 1412 710 invenimus:
1473 666 1642 726 „nec
1688 643 1950 725 mirum,
2008 666 2205 726 quun)
2264 642 2458 708 etiam
2504 642 2698 707 inviti

573 750 656 815 ad
700 751 1017 836 populum
1065 749 1597 835 producerentur,
1643 772 1837 833 quum
1884 771 2114 834 parum
2149 756 2319 813 esset
2361 747 2430 811 in
2461 756 2699 812 senatu

574 855 858 920 breviter
903 876 1191 936 censere,
1237 855 1360 920 nisi
1408 854 1554 939 quis
1598 854 1859 940 ingenio
1908 861 1974 918 et
2017 853 2387 937 eloquentia
2434 862 2698 918 senten-

573 960 729 1023 tiam
799 981 981 1023 suam
1045 961 1396 1023 tueretur.“
1521 956 1733 1039 Quem
1799 957 2013 1022 locum
2077 979 2266 1023 secus
2322 957 2696 1043 intelligens

578 1061 1026 1127 Andresenius
1074 1061 1388 1126 audacius
1444 1071 1521 1125 ut
1576 1061 1743 1126 solet
1787 1061 1876 1125 ita
1922 1062 2061 1125 vult
2105 1061 2434 1125 resarciri:
2495 1083 2697 1144 quum

498 1218 500 1220 »
574 1191 804 1254 parum
851 1175 1021 1231 esset
1078 1167 1144 1230 in
1192 1175 1422 1232 senatu
1485 1166 1770 1230 breviter
1831 1188 2126 1248 censere,
2194 1188 2310 1229 nec
2363 1169 2699 1248 quisquam

577 1277 963 1338 auctoritate
1007 1273 1283 1353 floreret,
1354 1271 1480 1336 nisi
1540 1272 1651 1355 qui
1705 1270 1968 1357 ingenio
2024 1279 2088 1335 et
2134 1271 2506 1355 eloquentia
2551 1294 2701 1336 sen-

576 1378 846 1443 tentiam
891 1400 1074 1442 suam
1119 1380 1478 1442 tueretur.“
1572 1376 1667 1440 At
1714 1398 1921 1460 neque
1954 1376 2083 1441 hoc
2113 1399 2321 1460 neque
2351 1375 2700 1442 Ritschelii

577 1483 1024 1568 supplemento
1104 1504 1218 1545 nec
1279 1485 1669 1563 probaretur
1732 1480 2124 1567 indigemus.
2236 1480 2461 1546 Verba
2527 1481 2700 1545 enim

579 1587 750 1669 „nisi
782 1587 927 1670 quis
957 1586 1219 1671 ingenio
1253 1593 1316 1650 et
1341 1584 1707 1668 eloquentia
1738 1586 2126 1651 sententiam
2152 1606 2331 1649 suam
2362 1588 2698 1649 tueretur“

579 1699 679 1757 sat
738 1689 1022 1755 dilucide
1082 1690 1483 1776 significant:
1575 1690 1685 1773 qui
1743 1698 1882 1754 erat
1946 1690 2139 1754 homo
2196 1689 2575 1775 ingeniosus
2636 1698 2703 1755 et

579 1797 910 1880 eloquens,
961 1795 1017 1860 ei
1061 1794 1129 1858 in
1162 1804 1390 1859 senatu
1423 1794 1707 1860 breviter
1740 1817 1997 1861 censere
2044 1794 2303 1875 licebat,
2351 1793 2506 1859 dum
2539 1796 2700 1861 alios

582 1902 840 1987 copiose
898 1899 1285 1965 sententiam
1343 1899 1562 1965 dicere
1625 1884 1989 1986 oportebat.
2095 1898 2174 1963 Id
2220 1900 2522 1964 nimirum
2570 1900 2700 1964 elo-

581 2005 880 2089 quentiae
927 2003 1282 2089 praemium
1343 2013 1512 2086 erat,
1572 2003 1747 2088 quod
1804 2005 2016 2069 clarus
2074 2013 2291 2069 orator
2346 2003 2412 2068 in
2472 2014 2703 2070 senatu

581 2110 806 2195 paucis
853 2110 1238 2174 sententiam
1298 2110 1468 2174 ferre
1517 2117 1770 2194 poterat
1824 2131 1945 2174 nec
2001 2108 2293 2194 pluribus
2353 2108 2701 2175 defendere

582 2212 953 2300 cogebatur.
1060 2210 1392 2293 Quocirca
1463 2212 1658 2277 etiam
1723 2212 1989 2277 verbum
2062 2223 2341 2277 tueretur
2408 2236 2535 2277 non
2605 2222 2706 2279 est

580 2319 623 2384 i.
672 2341 732 2402 q.
783 2320 1166 2399 defenderet,
1213 2325 1287 2381 ut
1332 2314 1781 2381 Andresenius
1829 2315 2081 2380 videtur
2128 2317 2537 2402 explicuisse,
2585 2318 2701 2384 sed

579 2422 798 2509 potius
847 2430 1198 2502 tutaretur,
1246 2418 1420 2505 quod
1470 2428 1691 2485 nostro
1744 2422 1928 2486 hecfen
1976 2422 2111 2486 sive
2161 2423 2405 2500 unssecht
2452 2425 2705 2500 erbultcu

582 2524 952 2612 respondet.
1047 2523 1183 2590 Cfr.
1230 2526 1401 2611 Nep.
1436 2526 1669 2611 Epam.
1706 2527 1765 2590 3.
1845 2526 2227 2590 Amicorum
2257 2527 2323 2589 in
2356 2549 2426 2591 se
2457 2527 2701 2593 tuendo

584 2630 790 2696 caruit
848 2629 1284 2694 facultatibus,
1377 2630 1588 2696 Attic.
1635 2631 1738 2693 21.
1791 2638 2100 2712 quantam
2159 2651 2376 2694 curam
2426 2630 2703 2718 diligen-

583 2736 867 2818 tiamque
935 2734 1002 2799 in
1062 2733 1428 2799 valetudine
1488 2756 1631 2798 mea
1687 2732 1931 2798 tuenda
1990 2734 2118 2798 hoc
2172 2743 2466 2819 tempore
2524 2735 2706 2801 adhi-

582 2841 852 2906 buerim.
945 2840 1147 2905 Phoc.
1188 2844 1243 2903 1.
1292 2840 1356 2903 in
1384 2861 1636 2904 summa
1675 2847 2058 2925 paupertate
2091 2848 2337 2904 tantam
2370 2850 2703 2925 paternam

585 2945 855 3032 gloriam
915 2944 1100 3008 tueri.
1217 2940 1355 3007 Cio.
1415 2944 1685 3008 Tuscul.
1745 2943 1886 3026 ΙΙΙ,
1947 2948 2005 3008 5.
2125 2942 2476 3011 Stultitiam
2537 2944 2704 3009 enim

587 3058 977 3121 censuerunt
1033 3047 1430 3129 constantia,
1488 3048 1558 3112 id
1604 3058 1703 3113 est
1749 3049 2063 3130 sanitate,
2108 3056 2466 3130 vacantem,
2511 3071 2705 3134 posse

584 3162 801 3217 tamen
848 3153 1015 3217 tueri
1064 3151 1578 3218 mediocritatem
1611 3152 1976 3217 officiorum
2010 3161 2075 3217 et
2104 3153 2272 3217 vitae
2304 3174 2709 3218 communem

585 3257 828 3323 cultum
900 3265 1091 3341 atque
1164 3257 1493 3322 usitatum.
1621 3256 1764 3322 Cic.
1832 3256 2018 3321 Brut.
2076 3257 2179 3321 20.
2252 3266 2445 3340 atque
2516 3257 2708 3322 etiam

584 3363 664 3427 L.
697 3361 963 3445 Paulus,
1010 3363 1308 3427 Africani
1354 3372 1560 3449 pater,
1608 3384 1948 3448 personam
1982 3360 2289 3446 principis
2324 3361 2485 3427 civis
2519 3362 2709 3428 facile

591 3465 868 3531 dicendo
917 3467 1239 3532 tuebatur.

765 3568 931 3655 Cap.
967 3572 1069 3635 34.
1163 3570 1577 3636 Andresenio
1624 3568 1884 3635 videtur
1932 3568 2355 3655 probabiliter
2386 3570 2480 3635 sic
2512 3570 2708 3635 scribi

591 3696 817 3759 posse:
894 3697 1064 3755 „nec
1134 3673 1485 3739 adversarii
1559 3683 1623 3737 et
1681 3674 1916 3738 aemuli
1972 3675 2177 3756 ferro,
2247 3698 2377 3739 non
2434 3672 2707 3739 rudibus

590 3777 1006 3856 dimicantes;
1086 3801 1200 3842 nec
1279 3778 1673 3843 auditorium
1759 3801 2017 3863 semper
2085 3779 2379 3863 plenum,
2455 3801 2712 3862 semper

591 3906 863 3963 novum,
919 3885 1178 3945 mixtum
1249 3905 1328 3947 ex
1385 3881 1624 3947 invidis
1684 3890 1749 3946 et
1805 3882 2174 3947 faventibus
2234 3891 2307 3946 ut
2364 3904 2485 3946 nec
2547 3882 2710 3948 bene

591 4011 702 4052 nec
767 3991 972 4052 minus
1048 3990 1197 4052 bene
1270 3987 1445 4051 dicta
1503 3986 2080 4054 dissimularentur.
2200 3986 2421 4069 Quum
2491 3997 2709 4052 autem

595 4092 854 4165 codices
902 4094 1119 4159 cuncti
1167 4096 1282 4157 sed
1327 4094 1673 4160 exhibeant
1718 4103 1910 4179 atque
1959 4116 2126 4177 quae
2156 4103 2515 4177 sequuntur
2550 4115 2706 4158 con-
