3008 5000
1482 417 1916 479 -12—

645 590 826 675 poris
873 599 1194 656 oratorem
1243 614 1386 657 esse
1433 591 1879 674 contenderet,
1924 592 2050 656 hoc
2084 591 2234 656 loco
2266 591 2345 656 ad
2378 591 2760 656 refutandos

648 717 798 760 suos
847 695 1252 760 adversarios
1298 718 1652 761 conversus
1698 695 1762 759 in
1812 696 2073 760 modum
2111 696 2600 781 perappositum
2633 696 2756 758 ait:

645 822 758 864 vos
827 804 959 881 ipsi
1021 822 1063 863 a
1127 801 1428 864 Cicerone
1494 811 1604 864 aut
1659 804 1886 865 Asinio
1942 805 2340 882 recessistis,
2414 805 2455 864 i.
2517 823 2568 864 e.
2630 822 2759 864 non

646 909 848 968 solum
892 908 1092 968 vestri
1138 908 1431 986 aequales
1480 908 1596 968 sed
1640 915 1700 968 et
1745 927 1858 970 vos
1905 909 2056 986 ipsi.
2149 903 2371 970 Semet
2414 906 2616 991 igitur
2658 905 2759 989 ip-

645 1030 787 1072 sum
836 1007 1149 1072 Messalla
1209 1007 1332 1072 hoc
1384 1008 1529 1072 loco
1586 1031 1718 1072 non
1763 1010 1972 1095 magis
2020 1010 2275 1093 excepit
2337 1031 2530 1091 quam
2589 1005 2761 1072 infra

646 1136 790 1197 cap.
840 1115 946 1193 32,
1007 1113 1116 1177 ubi
1168 1136 1351 1199 π(θςο,
1390 1113 2177 1196 inquit-recesserimus?“
2268 1112 2619 1177 Cardinem
2664 1114 2758 1177 rei

644 1217 711 1280 in
756 1216 1134 1301 pronomine
1189 1221 1319 1298 ipsi
1375 1219 1542 1282 verti
1602 1218 2048 1284 Andresenius
2105 1217 2508 1300 Nastiusque
2565 1217 2756 1301 plane

644 1344 776 1386 non
818 1321 1138 1385 viderunt.

827 1423 986 1509 Cap.
1028 1427 1127 1490 16.
1170 1434 1331 1488 extr.
1424 1425 1607 1509 Aper
1654 1426 2097 1508 quaestionem
2128 1448 2417 1506 movenS,
2463 1426 2574 1507 qui
2617 1447 2759 1488 ora-

647 1540 823 1594 tores
881 1528 1253 1614 appellandi
1312 1529 1440 1593 sint
1498 1530 1746 1612 antiqui
1800 1531 1893 1593 ita
1950 1531 2191 1616 pergit:
2256 1553 2482 1612 „nam,
2543 1530 2632 1610 si,
2688 1538 2758 1592 ut

650 1632 885 1698 Cicero
954 1634 1021 1697 in
1089 1632 1447 1698 Hortensio
1509 1633 1767 1714 scribit,
1834 1635 1890 1698 is
1958 1644 2057 1699 est
2109 1658 2384 1720 magnus
2443 1643 2507 1698 et
2562 1655 2756 1698 verus

649 1760 888 1820 annus,
948 1761 1077 1822 quo
1136 1737 1358 1802 eadem
1409 1737 1642 1821 positio
1692 1737 1852 1802 caeli
1897 1737 2339 1821 siderumque,
2400 1760 2564 1821 quae
2612 1758 2756 1801 cum

648 1841 925 1906 maxime
984 1849 1114 1922 est,
1175 1862 1429 1904 rursum
1489 1840 1723 1904 existet
1776 1841 1958 1923 isque
2019 1864 2223 1905 annus
2269 1841 2535 1923 horum,
2595 1862 2757 1923 quos

650 1969 769 2012 nos
817 1968 1145 2028 vocamUS,
1192 1968 1508 2009 annorum
1556 1944 1898 2009 duodecim
1946 1946 2144 2010 millia
2175 1955 2539 2033 nongentos
2572 1946 2757 2029 quin-

652 2050 962 2136 quaginta
1043 2059 1350 2133 quattuor
1426 2050 1910 2133 complectitur,
1980 2055 2205 2132 incipit
2279 2051 2757 2115 Demosthenes

649 2162 885 2236 vester,
930 2177 1121 2239 quem
1149 2176 1269 2219 vos
1301 2163 1588 2218 veterem
1622 2163 1688 2218 et
1717 2154 2052 2237 antiquum
2083 2154 2351 2240 fingitis,
2388 2178 2515 2218 non
2549 2155 2759 2219 solum

651 2258 878 2323 eodem
926 2282 1115 2339 ann0,
1162 2280 1291 2341 quo
1341 2280 1479 2339 nOS,
1531 2257 1646 2321 sed
1687 2259 1819 2321 fere
1852 2257 2079 2322 eodem
2118 2281 2337 2323 mense
2369 2259 2755 2323 exstitisse.“

651 2362 856 2448 Cujus
914 2363 1041 2428 loci
1087 2363 1360 2427 multum
1404 2362 1621 2427 vexati
1672 2362 2022 2427 dictionem
2073 2363 2756 2448 „incipit-exstitisse“

649 2468 876 2533 fulcire
909 2466 1171 2533 student
1201 2468 1585 2553 interpretes
1619 2466 1855 2553 dialog.
1903 2490 2043 2552 cap.
2085 2472 2158 2531 11
2197 2467 2496 2554 „ingredi
2527 2469 2760 2532 famam

651 2574 1020 2658 auspicatus
1078 2578 1273 2637 sum“
1335 2582 1398 2637 et
1456 2571 1679 2637 Germ.
1743 2595 1883 2656 cap.
1930 2574 2013 2636 30
2072 2573 2374 2654 „initium
2437 2573 2608 2637 sedis
2663 2573 2762 2637 in-

653 2678 951 2742 choant.“
1031 2676 1353 2761 Equidem
1400 2681 1991 2758 incipit-eaestitisse
2037 2700 2167 2741 non
2214 2677 2492 2742 arbitror
2527 2678 2626 2741 his
2660 2679 2761 2741 vel

652 2782 967 2847 similibus
1015 2781 1328 2866 exemplis
1378 2779 1888 2844 confirmandum
1937 2803 2101 2863 esse,
2156 2781 2270 2845 sed
2318 2792 2497 2846 recta
2541 2781 2759 2866 potius

651 2886 1205 2971 interpretatione.
1284 2885 1610 2949 Nimirum
1644 2887 1752 2969 qui
1785 2886 2051 2967 exstitit,
2098 2887 2152 2950 is
2188 2896 2308 2967 est,
2343 2886 2763 2968 quamobrem

653 2994 983 3054 exstitisse
1028 2991 1070 3052 i.
1120 3012 1181 3073 q.
1233 3010 1389 3052 esse.
1483 2989 1714 3072 Itaque
1762 2994 1988 3071 incipit
2031 2993 2359 3054 exstitisse
2390 3013 2520 3053 non
2550 2991 2764 3054 minus

654 3102 755 3159 est
800 3094 1137 3178 probabile
1185 3116 1379 3177 quam
1415 3091 1554 3157 Cic.
1590 3094 1774 3158 Brut.
1811 3096 1868 3158 5.
1915 3098 2232 3159 inchoasti
2265 3098 2340 3158 de
2373 3098 2765 3176 oratoribus,

654 3202 909 3281 quando
957 3220 1096 3263 esse
1145 3203 1523 3280 coepissent.
1593 3196 1835 3279 =Quum
1884 3208 2099 3262 autem
2131 3199 2278 3263 libri
2313 3222 2506 3263 manu
2539 3201 2764 3284 scripti

654 3324 784 3367 non
840 3302 1032 3387 plane
1090 3302 1212 3367 sibi
1276 3312 1577 3366 constent
1634 3302 2151 3385 vocabulumque
2207 3307 2453 3367 videtur
2508 3303 2764 3368 duobus

653 3408 722 3470 in
771 3407 1107 3471 codicibus
1155 3408 1552 3488 inveniatur,
1612 3407 2057 3472 Andresenius
2101 3408 2232 3492 legi
2270 3408 2491 3493 jubet:
2547 3431 2766 3490 „com-

653 3512 981 3597 plectitur,
1015 3516 1122 3576 ille
1153 3517 1291 3593 ipse
1322 3512 1801 3576 Demosthenes
1831 3521 2066 3593 vester,
2114 3535 2302 3595 quem
2339 3536 2451 3577 vos
2483 3522 2765 3577 veterem

655 3626 721 3681 et
789 3617 1124 3700 antiquum
1184 3617 1464 3702 fingitis,
1526 3617 1782 3681 videtur
1838 3640 1966 3680 non
2023 3617 2233 3680 solum
2290 3618 2519 3680 eodem
2576 3641 2764 3698 annO,

656 3743 785 3803 quo
841 3743 995 3802 nos,
1055 3720 1171 3784 sed
1231 3725 1422 3784 etiam
1486 3720 1715 3784 eodem
1772 3743 1990 3785 mense
2038 3722 2429 3786 exstitisse.“
2525 3724 2615 3786 At
2659 3726 2768 3787 ille·

656 3829 796 3906 ipse
856 3848 1001 3889 cum
1058 3825 1254 3889 verbo
1313 3829 1571 3906 incipit,
1630 3824 1806 3908 quod
1864 3848 2085 3890 omnes
2134 3826 2441 3890 exhibent
2487 3826 2766 3908 codiceS,

659 3930 1016 3994 confusum·
1048 3951 1190 3994 esse
1237 3930 1373 4002 :veri
1421 3940 1520 3994 est
1567 3929 2085 4010 dissimillimum,
2135 3954 2323 4013 quam
2372 3931 2455 3994 ob
2507 3955 2766 3996 causam

656 4034 724 4098 in
769 4033 977 4119 proba
1020 4035 1298 4098 lectione
1347 4034 1613 4120 vulgata
1659 4035 2004 4119 persistere
2036 4035 2227 4119 longe
2258 4045 2545 4119 praestat
2577 4058 2766 4118 quam

658 4140 905 4204 futilem
953 4140 1144 4203 istam
1195 4140 1663 4204 correctionem
1711 4140 2054 4204 inculcare.
2107 4177 2187 4186 -ν-
