3008 5000
1060 465 1497 527 ..15-

217 641 517 729 proferre
572 648 816 727 posset.
913 637 1048 706 Sed
1105 638 1283 724 quod
1337 640 1637 725 protulit:
1699 640 1905 722 „adeo
1957 638 2185 707 melius
2232 645 2332 702 est

223 750 581 812 orationem
624 746 727 810 vel
772 744 940 809 hirta
983 754 1142 830 toga
1184 744 1478 826 induere,
1526 768 1720 829 quam
1764 747 2002 812 fucatis
2042 754 2109 811 et
2139 765 2345 810 mere-

221 851 430 915 triciis
485 849 777 915 vestibus
837 849 1149 935 insignire
1169 852 1203 887 “
1260 848 1330 913 id
1388 872 1468 914 ne
1524 850 1942 936 recipiamus,
1993 854 2132 937 jam
2175 849 2338 914 mira

226 954 535 1041 prohibet
588 953 789 1019 dictio
849 957 1202 1018 orationem
1260 964 1414 1037 toqa
1469 957 1730 1020 induere
1783 967 1845 1021 et
1901 957 2185 1021 vestibus
2242 956 2339 1016 in·-

228 1063 499 1140 siqm‘re.
599 1058 949 1124 Praeterea
1005 1057 1113 1123 hic
1167 1060 1426 1124 omnino
1471 1084 1603 1125 non
1649 1059 1732 1126 de
1778 1061 1958 1127 cultu
2003 1058 2338 1140 orationis,

232 1162 354 1229 sed
400 1162 480 1228 de
525 1161 752 1227 habitu
800 1163 1074 1229 oratoris
1120 1163 1226 1228 vel
1271 1172 1564 1230 actorum
1611 1165 1844 1252 agitur.

416 1264 579 1353 Cap.
626 1269 730 1333 27.
824 1266 1140 1332 Messalla
1194 1291 1232 1332 a
1273 1268 1579 1334 Materno
1624 1269 2024 1350 admonitae,
2072 1276 2145 1332 ut
2189 1289 2347 1353 pro-

237 1372 525 1459 positum
579 1379 925 1459 perageret
981 1394 1339 1456 causasque
1397 1374 1646 1438 fractae
1701 1381 1768 1439 et
1811 1372 2180 1439 deminutae
2226 1372 2357 1437 elo-

236 1479 541 1562 quentiae
601 1486 957 1563 exponeret
1012 1500 1174 1542 neve
1232 1477 1399 1562 Apri
1456 1477 1674 1543 verbis
1732 1477 2123 1543 irritaretur:
2185 1498 2359 1559 „non

238 1605 422 1665 sum,
480 1583 722 1666 inquit,
791 1581 1075 1648 offensus
1135 1583 1304 1668 Apri
1358 1584 1469 1648 illa
1509 1583 1997 1669 disputatione,
2063 1603 2186 1646 nec
2238 1603 2358 1646 vos

242 1686 492 1752 offendi
547 1686 836 1770 decebit,
893 1687 949 1751 si
993 1686 1150 1770 quid
1195 1688 1363 1752 forte
1411 1710 1600 1753 aures
1645 1696 1894 1753 vestras
1921 1686 2361 1777 perstringat,

243 1815 447 1877 quum
492 1792 709 1858 sciatis
755 1793 925 1856 hanc
972 1814 1115 1858 esse
1162 1793 1483 1879 ejusmodi
1515 1815 1884 1858 sermonum
1912 1792 2147 1879 legem,
2186 1789 2361 1877 judi-

245 1898 421 1963 cium
466 1897 630 1961 citra
675 1895 980 1961 damnum
1028 1896 1300 1963 affectus
1346 1898 1705 1983 proferre“,
1765 1920 1933 1983 quae
1977 1895 2177 1963 verba
2222 1894 2363 1960 Na·-

247 2001 414 2067 stius
471 2001 537 2066 in
596 1999 772 2065 hunc
831 1999 1097 2065 modum
1142 2001 1639 2086 interpretatur:
1702 2004 1849 2086 ηἳςᾰ)
1900 2002 1996 2068 bin
2043 2002 2182 2067 l'ibet
2228 2002 2361 2081 ῠαῧ,

249 2115 380 2173 mus
425 2110 579 2189 Uret
625 2107 839 2193 gesagt,
887 2125 990 2192 gat
1031 2105 1180 2185 nicht
1209 2108 1591 2192 aufgebtctclyt„
1639 2106 1927 2174 etmibette
1958 2106 2210 2185 §messala
2241 2106 2363 2171 nub

252 2214 390 2296 aud)
447 2213 570 2295 &bt
632 2211 796 2292 mstfit
850 2212 998 2292 nicht
1056 2212 1182 2291 bssfe
1226 2212 1480 2295 methea,
1539 2231 1705 2280 menn
1751 2217 1894 2279 etmct
1940 2210 2093 2278 mein
2139 2209 2366 2292 Uttbeil

254 2317 349 2398 bie
394 2318 515 2384 unb
565 2317 637 2383 bct
686 2331 800 2384 nnn
847 2319 974 2383 bem
1007 2317 1237 2401 eurigen
1270 2317 1579 2396 ahmeicben
1611 2315 1838 2394 solltest
1912 2313 2365 2380 Andresenius

247 2421 592 2489 lectionem
637 2422 966 2509 vulgatam
1011 2444 1126 2487 nec
1169 2444 1284 2488 vos
1332 2444 1481 2487 cum
1527 2421 1741 2487 verbis
1775 2422 1937 2504 Apri
1982 2424 2101 2485 illa
2147 2422 2367 2502 dispu-

251 2532 495 2593 tatione
569 2536 1033 2613 congruentem
1107 2527 1482 2593 redditurus
1559 2549 1697 2593 mea
1765 2537 1916 2612 post
1987 2548 2102 2591 nec
2166 2525 2365 2590 inseri

250 2633 487 2716 voluit,
544 2655 674 2697 non
730 2631 1284 2716 animadvertens,
1352 2653 1489 2697 mea
1543 2632 1611 2698 in
1667 2631 1883 2698 verbis
1940 2630 2365 2716 sequentibus

251 2741 314 2803 si
369 2740 524 2820 quid
579 2740 747 2819 forte
805 2758 994 2803 aures
1051 2747 1302 2804 vestras
1361 2742 1762 2820 perstrinqat
1816 2738 2029 2802 inesse
2088 2735 2367 2820 ideoque

252 2840 601 2907 abundare.
704 2840 1011 2909 Ceterum
1070 2844 1216 2931 lege
1271 2865 1415 2908 nam
1472 2866 1588 2908 nec
1640 2864 1754 2908 vos
1815 2843 2050 2925 offendi
2104 2843 2369 2924 decebit,

254 2953 402 3014 bemt
469 2950 602 3030 (tud)
659 2951 784 3025 eud)
847 2950 988 3014 mitb
1052 2959 1115 3014 εδ
1174 2950 1319 3016 nicht
1379 2950 1659 3034 gegiemen
1716 2947 1838 3015 eine
1901 2948 2240 3032 Qetlegung
2301 2965 2368 3032 gu

252 3054 462 3128 finbeu.
580 3050 738 3119 Sine
805 3053 938 3117 ulla
1002 3074 1198 3117 causa
1263 3043 1499 3117 idonea
1555 3051 1876 3137 particula
1931 3070 2110 3132 nam,
2173 3071 2367 3133 quam

254 3158 468 3222 cuncti
527 3156 718 3222 codd.
788 3166 1144 3242 praestant,
1213 3166 1536 3242 expuncta
1594 3166 1715 3222 est.
1826 3156 2199 3244 Negatione
2254 3176 2371 3220 nec

249 3260 476 3326 itidem
533 3284 692 3327 usus
749 3272 849 3327 est
896 3259 1037 3327 Cic.
1084 3262 1230 3326 Fin.
1277 3261 1375 3345 II,
1423 3264 1538 3328 22:
1605 3262 1800 3344 „Non
1851 3262 2052 3349 igitur
2095 3260 2369 3347 potestis

249 3369 585 3452 voluptate
650 3367 868 3432 omnia
937 3367 1291 3454 dirigentes
1350 3376 1462 3432 aut
1516 3367 1685 3432 tueri
1742 3375 1854 3431 aut
1909 3366 2187 3432 retinere
2241 3365 2371 3430 vir-

250 3481 487 3554 tutem,
540 3493 683 3536 nam
738 3494 854 3536 nec
898 3473 997 3537 vir
1040 3473 1251 3537 bonus
1300 3494 1374 3536 ac
1410 3474 1631 3558 justus
1677 3471 1901 3537 haberi
1947 3470 2175 3552 debet,
2235 3469 2371 3554 qui,

250 3599 333 3644 ne
382 3577 617 3641 malum
664 3576 922 3658 habeat,
969 3576 1252 3642 abstinet
1299 3597 1369 3642 se
1416 3576 1497 3641 ab
1540 3576 1837 3662 injuria.“
1928 3575 2128 3641 Tusc.
2162 3574 2216 3658 I,
2250 3576 2369 3640 26:

254 3677 485 3764 „Quid
550 3703 748 3766 porro
816 3678 1144 3745 inventio?
1199 3681 1508 3746 Profecto
1565 3680 1664 3763 id,
1740 3703 1870 3764 quo
1948 3702 2070 3746 nec
2122 3680 2191 3744 in
2250 3678 2371 3744 deo

255 3785 599 3870 quicquam
646 3787 854 3872 majus
901 3785 1172 3872 intelligi
1219 3789 1499 3871 potest.“

425 3886 590 3974 Cap.
639 3889 741 3954 28.
789 3889 928 3955 init.
979 3913 1177 3972 quum
1222 3889 1289 3954 in
1336 3912 1413 3954 eo
1461 3890 1548 3955 sit
1591 3889 1938 3972 Messalla,
2005 3898 2079 3954 ut
2136 3871 2365 3956 causas

254 4002 596 4080 corruptae
643 3994 1051 4079 eloquentiae
1101 3995 1414 4082 explicet:
1465 4019 1639 4077 „non
1683 3995 2085 4079 reconditas,
2129 3994 2363 4079 inquit,

252 4098 572 4183 Materne,
621 4122 850 4166 causas
898 4101 1197 4185 requiriS,
1241 4122 1363 4167 nec
1409 4108 1522 4166 aut
1564 4099 1681 4165 tibi
1726 4100 1854 4186 ipsi
1898 4109 2010 4165 aut
2052 4099 2205 4165 huic
2249 4096 2367 4166 Se-

254 4205 464 4271 cundo
510 4206 613 4271 vel
660 4206 812 4272 huic
843 4205 1026 4292 Apro
1073 4206 1353 4293 ignotas,
1401 4206 1655 4272 etiamsi
1700 4206 1856 4271 mihi
1901 4213 2119 4291 partes
2165 4204 2374 4292 assig-
