3008 5000
985 457 1424 521 ...37-

133 632 486 698 manifesto
521 633 750 698 elucet.
845 631 1025 715 Quid
1058 642 1274 698 autem
1309 634 1589 719 scriptor
1620 634 2021 701 exaraverit?
2112 634 2264 701 Hoc

131 737 408 822 quidem
455 761 572 823 pro
609 746 784 803 certo
834 738 1120 803 affimare
1168 763 1298 803 non
1346 738 1576 819 ausim,
1636 738 1752 803 sed
1798 739 1975 805 haud
2021 739 2261 826 impro-

131 842 354 907 babile
423 843 576 907 mihi
636 842 925 925 videtur,
983 843 1063 908 ab
1124 867 1200 908 eo
1262 843 1477 930 potius
1538 842 1784 909 dictum
1840 845 2042 910 fuisse
2100 849 2268 911 sicut

132 957 392 1013 ceterae
439 971 544 1013 res
612 949 778 1030 (scil.
830 952 1115 1014 oratoris
1164 971 1278 1014 seu
1328 949 1689 1033 oratoriae)
1749 949 2069 1034 siquidem
2129 952 2268 1016 sola

131 1053 197 1117 vi
233 1076 313 1117 ac
345 1053 655 1118 facultate
690 1061 910 1117 orator
942 1077 1072 1117 non
1095 1056 1233 1140 jam
1265 1053 1740 1139 perficiebatur.
1806 1052 1942 1119 Cfr.
1980 1077 2122 1141 cap.
2150 1056 2264 1120 33:

133 1179 536 1241 quamquam
603 1157 760 1242 ipsis
840 1156 1085 1222 artibus
1158 1157 1328 1221 inest
1409 1157 1816 1240 exercitatiO,
1891 1181 2013 1223 nec
2091 1158 2264 1242 quis-

134 1286 336 1346 quam
387 1261 724 1348 percipere
754 1270 854 1326 tot
896 1261 1265 1327 reconditas
1298 1270 1409 1326 aut
1453 1270 1587 1326 tam
1619 1261 1829 1328 varias
1877 1285 1980 1327 res
2027 1271 2269 1349 potest,

132 1366 310 1432 nisi“
359 1375 481 1431 cet.

320 1467 484 1556 Cap.
519 1471 625 1537 31.
718 1469 1029 1536 Messalla
1060 1470 1139 1534 de
1181 1468 1583 1535 institutione
1610 1479 1903 1536 veterum
1938 1481 2267 1538 oratorum

133 1577 400 1642 locutus
459 1576 549 1641 ita
608 1576 852 1663 pergit:
916 1576 1037 1658 „In
1093 1575 1194 1640 his
1254 1575 1500 1640 artibus
1562 1576 2267 1662 exercitationibusque

137 1690 441 1747 versatus
488 1691 743 1764 orator,
805 1681 939 1746 sive
987 1679 1161 1766 apud
1207 1680 1479 1745 infestos
1541 1680 1676 1745 sive
1737 1680 1910 1766 apud
1968 1682 2266 1767 cupidos,

139 1786 277 1852 sive
328 1785 503 1871 apud
551 1785 941 1867 invidentes,
1003 1785 1139 1850 sive
1186 1783 1360 1871 apud
1405 1786 1709 1850 timentes
1758 1785 2107 1850 dicendum
2153 1786 2268 1851 ha-

138 1891 380 1974 buerit,
426 1890 674 1956 tenebit
718 1913 915 1956 venas
963 1890 1358 1955 animorum:
1418 1898 1483 1955 et
1540 1898 1737 1975 prout
1795 1892 2109 1977 cujusque
2154 1914 2266 1955 na-

139 2006 290 2061 tura
321 1996 697 2081 postulabit,
732 1994 1066 2060 adhibebit
1100 2018 1359 2060 manum
1385 2003 1450 2058 et
1468 1995 1859 2080 temperabit
1890 1996 2268 2080 orationem,

142 2108 371 2185 parato
429 2099 600 2163 omni
645 2099 1072 2164 instrumento
1132 2106 1195 2163 et
1241 2097 1322 2163 ad
1370 2121 1626 2163 omnem
1674 2120 1863 2163 usum
1910 2101 2270 2186 reposito.“

146 2204 246 2267 Ex
295 2202 488 2268 dictis
534 2201 1073 2288 praecedentibus
1124 2201 1575 2268 Andresenius
1634 2225 1949 2288 apparere
1994 2204 2268 2269 arbitra-

142 2316 271 2389 tur,
322 2307 699 2375 Messallam
732 2330 861 2372 non
910 2306 990 2371 de
1038 2331 1167 2372 uno
1193 2306 1412 2393 judice
1461 2305 1803 2389 disserere,
1852 2306 2027 2392 apud
2074 2332 2268 2394 quem

145 2413 385 2478 oratori
447 2411 794 2477 dicendum
853 2411 970 2494 sit,
1030 2409 1147 2477 sed
1194 2411 1276 2477 de
1337 2409 1782 2497 compluribus
1841 2412 2269 2495 auditoribuS,

147 2540 313 2601 quos
360 2519 414 2583 is
462 2517 911 2582 tantummodo
961 2540 1276 2602 prospero
1311 2539 1625 2582 successu
1658 2541 2032 2603 permovere
2078 2541 2270 2605 posse

149 2622 422 2705 dicatur,
469 2624 578 2707 qui
627 2632 927 2688 naturam
958 2623 1307 2688 humanam
1341 2623 1771 2708 perspexerit,
1817 2623 1907 2688 ita
1953 2634 2025 2688 ut
2068 2625 2269 2689 totius

146 2729 274 2794 loci
324 2729 682 2794 sententiae
739 2730 902 2794 haec
958 2737 1324 2815 repugnent
1385 2736 1498 2810 „et
1553 2736 1746 2813 prout
1794 2730 2111 2814 cujusque
2155 2753 2270 2795 na-

149 2843 293 2899 tura
339 2833 759 2920 postulabit.“
848 2831 1045 2899 Unde
1094 2856 1170 2897 ea
1216 2833 1542 2913 sumserit,
1597 2833 1881 2918 perspici
1940 2857 2070 2898 non
2127 2844 2269 2919 pot·

152 2948 269 3021 est,
315 2962 511 3023 quum
557 2939 777 3024 paullo
811 2946 959 3019 ante
992 2937 1238 3003 dictum
1272 2938 1388 3003 sit:
1438 2938 1590 3020 „Ex
1620 2938 1721 3003 his
1754 2937 2039 3004 fontibus
2074 2939 2266 3004 etiam

150 3044 257 3108 illa
304 3042 665 3129 profluunt,
734 3051 807 3106 ut
862 3042 1114 3107 facilius
1171 3042 1332 3107 iram
1377 3046 1626 3125 judicis
1688 3040 1792 3107 vel
1849 3041 2119 3129 instiget
2165 3043 2267 3108 vel

152 3148 363 3229 leniat,
411 3147 519 3231 qui
555 3148 745 3213 scit.“
794 3156 914 3212 cet.
1010 3145 1389 3231 Comparari
1435 3155 1735 3233 possunt,
1784 3168 1946 3230 quae
1995 3170 2136 3232 cap.
2164 3147 2267 3212 39.

153 3252 455 3340 legimus:
515 3253 711 3337 „quia
755 3275 949 3338 saepe
992 3253 1355 3338 interrogat
1381 3255 1619 3337 judex,
1668 3250 1928 3335 quando
1974 3251 2269 3338 incipiaS,

156 3367 217 3422 et
265 3380 342 3421 ex
371 3356 870 3443 interrogatione
904 3360 1041 3443 ejus
1074 3355 1518 3443 incipiendum
1550 3359 1712 3422 est.“
1805 3356 2022 3421 Multo
2057 3357 2269 3422 minus

157 3472 363 3527 autem
426 3461 975 3549 comprehendas,
1045 3485 1208 3546 quae
1267 3460 1717 3526 Andresenius
1790 3460 2066 3526 subinde
2138 3461 2271 3526 dis-

158 3577 368 3653 putat:
426 3569 624 3651 „Non
682 3568 890 3632 solum
946 3568 1209 3652 propria
1268 3569 1585 3652 cujusque
1645 3565 1896 3631 indoles
1951 3566 2079 3631 hoc
2126 3566 2270 3632 loco

161 3673 638 3738 commemorari
707 3696 834 3737 non
905 3672 1216 3756 debebat,
1298 3671 1411 3737 sed
1483 3696 1564 3736 ne
1634 3672 1937 3737 universa
2004 3671 2269 3757 quidem

158 3778 431 3869 humana
475 3788 729 3843 natura.
817 3777 1015 3844 Unde
1066 3778 1232 3843 enim
1282 3776 1619 3864 cognoscit
1666 3784 1916 3860 orator,
1975 3777 2030 3842 si
2077 3799 2270 3861 quam

160 3906 409 3948 causam
458 3885 614 3971 agit,
661 3906 790 3967 quo
840 3883 963 3949 sibi
1010 3882 1300 3948 vertendi
1362 3881 1493 3947 sint
1552 3882 1782 3963 animi,
1840 3881 1950 3947 ubi
1997 3891 2061 3946 et
2106 3904 2270 3966 quo-

162 3987 342 4053 modo
388 3988 471 4054 sit
528 3986 895 4053 adhibenda
954 4010 1216 4068 manus,
1278 3987 1516 4071 quibus
1575 3986 1785 4051 modis
1844 3985 2270 4072 temperanda

162 4092 399 4161 oratio?
489 4095 592 4159 Ex
658 4103 924 4160 naturae
991 4094 1310 4160 humanae
1384 4092 1756 4180 cognitione
1825 4091 1985 4157 nihil
2048 4092 2266 4176 discit,

164 4199 281 4265 nisi
323 4198 645 4283 quomodo
678 4198 943 4265 affectus
991 4198 1223 4283 aliquis
1271 4206 1383 4263 aut
1432 4206 1748 4287 augeatur
1783 4208 1895 4264 aut
1941 4196 2268 4264 minuatur
