3008 5000
1465 452 1897 513 -16-

616 624 783 687 natis
828 622 1197 708 proferendi
1238 624 1306 689 in
1340 625 1645 707 medium,
1694 648 1856 708 quae
1888 646 2111 690 omnes
2144 626 2478 691 sentimus.
2550 624 2773 709 Quae

619 727 818 792 verba
877 728 1288 794 Andresenio
1356 754 1489 795 non
1546 730 1847 796 videntur
1913 731 2182 796 ferenda
2249 751 2428 813 esse,
2499 732 2775 818 quippe

620 833 914 913 „illarum
962 834 1153 916 enim,
1199 834 1308 916 ait,
1355 834 1628 899 duarum
1675 835 1994 899 enuntiati
2038 834 2338 920 partium,
2385 858 2549 919 quae
2596 858 2774 920 par-

615 938 816 1001 ticula
846 942 1098 1003 etiamsi
1145 943 1647 1026 conjunguntur,
1697 940 2015 1004 sententia
2046 962 2314 1024 prorsus
2349 939 2577 1004 eadem
2624 946 2772 1003 est.

625 1040 758 1123 Qui
807 1047 975 1106 enim
1025 1065 1254 1109 causas
1286 1046 1663 1110 manifestas
1709 1067 1831 1109 nec
1867 1045 2166 1128 cuiquam
2210 1044 2472 1131 ignotas
2504 1036 2772 1128 exponi

621 1146 792 1227 vult,
847 1149 902 1211 is
948 1150 1248 1233 profecto
1295 1149 1477 1213 illum
1538 1172 1615 1214 ea
1670 1150 1962 1233 proferre
2010 1149 2236 1234 jubet,
2306 1170 2470 1233 quae
2517 1170 2766 1213 omnes

623 1238 927 1315 sentiunt.
1031 1251 1264 1335 Itaque
1319 1276 1449 1317 non
1508 1254 1718 1318 solum
1787 1254 1957 1317 intra
2025 1253 2317 1337 ejusdem
2387 1253 2763 1318 sententiae

623 1356 783 1420 fines
828 1354 1001 1420 idem
1048 1356 1147 1421 bis
1196 1356 1460 1438 dicitur,
1499 1356 1616 1420 sed
1651 1358 1865 1439 etiam,
1913 1357 1979 1421 id
2024 1356 2202 1440 quod
2233 1357 2436 1422 multo
2483 1357 2763 1444 gravius

626 1462 759 1540 est',
808 1460 972 1524 duae
1018 1461 1166 1524 illae
1223 1462 1535 1525 enuntiati
1582 1470 1837 1547 partes,
1896 1484 2169 1546 quarum
2229 1462 2456 1526 eadem
2504 1471 2607 1526 est
2651 1461 2762 1526 vis

625 1587 700 1628 ac
733 1567 1075 1646 sententia,
1107 1566 1424 1651 particula
1456 1571 1709 1631 etiamsi
1742 1566 1911 1631 inter
1944 1589 2011 1630 so
2045 1566 2450 1650 copulantur.
2508 1566 2757 1650 Neque

625 1668 793 1731 enim
854 1668 1197 1733 verborum
1257 1670 1640 1734 sententiam
1698 1670 1787 1733 ita
1843 1670 2161 1733 invertere
2224 1679 2756 1754 etcorrumpere

623 1772 797 1855 licet,
845 1774 1028 1856 quasi
1076 1773 1358 1837 dicatur:
1407 1774 1647 1837 nemini
1694 1783 1984 1838 nostrum
2018 1775 2180 1837 istae
2214 1795 2443 1838 causae
2490 1774 2756 1860 ignotae

628 1886 800 1958 sunt,
847 1878 1101 1942 etiamsi
1147 1901 1248 1941 me
1296 1900 1405 1942 eas
1455 1878 1743 1962 proferre
1781 1878 2098 1963 jubeatis3
2147 1893 2292 1941 nam
2341 1901 2462 1942 nec
2511 1878 2757 1963 legitur

626 2004 753 2045 non
783 1986 1153 2047 reconditae
1193 1994 1371 2062 sunt,
1420 1982 1536 2047 sed
1583 2005 1707 2047 non
1754 1986 2120 2047 reconditas
2169 2004 2404 2047 causas
2450 1987 2754 2065 requiris,

628 2109 749 2151 nec
798 2108 908 2151 eas
955 2091 1021 2150 in
1065 2092 1330 2151 medium
1369 2090 1747 2169 proferendi
1791 2087 1907 2151 sed
1948 2091 2326 2169 proferendi
2381 2092 2446 2150 in
2490 2091 2756 2150 medium

631 2210 792 2273 quae
837 2212 1048 2255 omnes
1083 2195 1447 2255 sentimus“.
1541 2192 1769 2274 Itaque
1817 2213 1934 2275 pro
1980 2194 2233 2254 etiamsi
2278 2191 2407 2276 legi
2452 2191 2595 2255 vult
2640 2193 2757 2255 sed

640 2307 843 2360 tamen
890 2300 1096 2361 dicam
1142 2301 1202 2361 si
1249 2296 1426 2380 quod
1483 2321 1522 2360 a
1566 2295 1928 2361 Ritschelio
1978 2295 2377 2380 propositum
2437 2303 2555 2363 est.
2660 2295 2752 2358 At

630 2401 881 2466 nullum
927 2402 1317 2488 vocabulum
1364 2402 1488 2465 hoc
1536 2401 1685 2464 loco
1734 2398 2139 2480 mutandum,
2187 2398 2301 2464 sed
2347 2399 2511 2463 falsa
2557 2399 2750 2463 modo

628 2508 1072 2592 interpretatio
1128 2508 1195 2571 in
1258 2517 1507 2572 rectam
1566 2505 2006 2570 convertenda
2063 2515 2184 2572 est.
2289 2504 2462 2570 Sane
2523 2505 2750 2570 ambae

632 2614 947 2678 enuntiati
993 2623 1235 2699 parteS,
1281 2614 1335 2677 si
1380 2612 1597 2677 verbis
1643 2631 1806 2694 quae
1854 2632 2063 2676 omnes
2112 2614 2412 2674 sentimus
2470 2612 2752 2675 omnium

636 2717 988 2783 sententias
1021 2717 1373 2804 significari
1409 2724 1733 2802 putamus,
1781 2714 1960 2779 nullo
1993 2724 2188 2799 pacto
2220 2738 2339 2800 per
2367 2716 2751 2800 particulam

632 2827 884 2888 etiamsi
931 2822 1220 2907 copulari
1251 2831 1550 2908 possunt,
1599 2820 1749 2904 quia
1779 2819 2253 2905 propemodum
2285 2819 2459 2884 idem
2500 2830 2745 2885 sonant.

632 2927 774 2993 Imo
831 2927 1023 2992 etiam
1080 2926 1295 3012 ipsum
1355 2925 1733 2990 mandatum
1780 2923 2126 2988 Messallae
2177 2923 2436 3004 datum,
2489 2933 2565 2988 ut
2620 2947 2749 2988 om-

635 3034 814 3098 nium
863 3032 1218 3098 sententias
1267 3040 1655 3117 exponeret,
1701 3030 2053 3115 permirum
2100 3029 2300 3110 foret,
2364 3052 2564 3112 quum
2612 3029 2744 3092 sine

637 3137 834 3202 dubio
911 3160 1094 3202 suam
1170 3135 1440 3220 quisque
1529 3134 1915 3198 sententiam
1994 3135 2133 3219 jam
2220 3133 2465 3218 optime
2542 3132 2749 3199 sciret.

636 3242 990 3328 Propterea
1044 3244 1347 3305 sentimas
1410 3237 1491 3302 ad
1552 3238 1762 3303 solum
1820 3259 2077 3302 sensum
2136 3236 2361 3301 referri
2409 3235 2629 3317 debet,
2682 3243 2752 3300 ut

639 3348 725 3413 sit
780 3348 824 3411 i.
872 3368 934 3429 q.
994 3347 1222 3425 fiibleu,
1286 3346 1637 3425 empfinben,
1698 3341 2246 3427 quemadmodum
2305 3339 2433 3405 hoc
2491 3341 2750 3405 verbum

640 3472 770 3516 non
816 3450 906 3514 ita
964 3472 1111 3513 raro
1168 3457 1553 3534 usurpatum
1599 3457 1718 3512 est.
1821 3447 2093 3510 Praeter
2148 3445 2329 3509 locos
2386 3444 2749 3510 notissimos

637 3555 802 3619 Hor.
865 3576 1061 3619 carm.
1121 3554 1218 3636 II,
1285 3557 1347 3635 7,
1399 3555 1496 3618 10.
1569 3552 1691 3633 111,
1745 3552 1953 3634 1‚·33.
2024 3549 2140 3631 IV,
2190 3553 2253 3631 6,
2301 3551 2362 3613 3.
2423 3549 2539 3613 cfr.
2597 3549 2745 3613 Tac.

639 3658 866 3745 Agric.
916 3660 983 3723 6:
1035 3679 1157 3739 „ne
1191 3660 1376 3743 cujus
1409 3656 1678 3721 ulterius
1710 3655 2121 3741 sacrilegium
2167 3651 2539 3737 respublica
2570 3674 2747 3734 quam

643 3762 928 3827 Neronis
976 3759 1348 3826 sensisset.“

828 3864 994 3952 Cap.
1055 3868 1161 3931 31.
1230 3864 1447 3931 medio
1526 3865 1590 3928 in
1660 3862 2145 3928 enunciatione:
2228 3861 2430 3941 „alios
2484 3861 2625 3926 fusa
2690 3869 2749 3924 et

643 3972 933 4057 aequalis
980 3981 1044 4037 et
1089 3994 1168 4035 ex
1218 3969 1670 4036 communibus
1715 3968 1914 4033 ducta
1970 3967 2266 4032 sensibus
2309 3966 2513 4031 oratio
2560 3964 2745 4050 magis

646 4077 968 4143 delectat“
1019 4076 1468 4141 Andresenius
1502 4085 1725 4140 censet
1757 4072 2175 4138 scribendum
2225 4073 2409 4154 „fusa
2440 4080 2505 4134 et
2534 4090 2746 4152 aequa-

649 4170 861 4233 bili8.“
955 4164 1087 4233 Sed
1136 4163 1528 4230 vocabulum
1575 4166 1863 4246 aequalis
1921 4185 2054 4226 non
2101 4161 2312 4225 solum
2360 4184 2397 4224 a
2442 4159 2644 4245 poetis
2685 4166 2746 4222 ut

648 4270 731 4336 ab
780 4268 976 4337 Ovid.
1024 4269 1185 4335 Met.
1238 4268 1366 4350 XI,
1397 4270 1559 4332 463:
1613 4266 1908 4351 „aequali
1956 4268 2092 4329 ictu
2141 4263 2450 4329 scindunt
2493 4264 2652 4327 freta
2691 4270 2745 4325 et
