3008 5000
992 483 1430 546 „45-

125 665 325 741 Jactu
386 658 779 744 exstinguit,
850 657 1001 741 quia
1055 656 1339 722 absurda
1395 656 1478 722 sit
1537 657 1865 743 oppositio
1925 655 2270 722 verborum

130 769 326 845 jactu
375 767 541 828 disci
588 773 653 828 et
701 766 955 827 levitate
985 766 1215 843 Jaculi.
1286 761 1434 827 Nos
1477 763 1695 848 potius
1738 763 2268 847 compositionem

142 873 413 933 levitate
472 871 683 951 J'aculi
760 879 870 932 aut
939 871 1105 932 disci
1173 866 1523 931 absurdam
1591 867 1917 949 ducimus,
1994 889 2271 950 namque

140 974 409 1038 discum
455 971 630 1037 haud
678 973 883 1036 levem
929 970 1128 1036 fuisse
1179 982 1242 1035 et
1287 971 1549 1036 aliunde
1599 971 1926 1058 cognitum
1960 970 2272 1035 habemus

140 1087 211 1142 et
260 1102 345 1142 ex
393 1078 682 1142 Martial.
724 1079 824 1160 14,
877 1079 1034 1142 164:
1087 1075 1490 1162 „Splendida
1537 1100 1732 1160 quum
1774 1077 2047 1141 volitent
2075 1073 2296 1161 Spar-'

142 1183 285 1246 tani
358 1181 654 1268 pondera
724 1181 920 1262 disci,
992 1189 1126 1245 este
1186 1181 1414 1267 procul
1477 1181 1689 1266 pueri:
1762 1182 1848 1245 sit
1902 1180 2102 1245 semel
2164 1179 2271 1243 ille

142 1292 466 1352 nocens.“
561 1286 858 1372 Propert.
902 1285 1022 1368 IV,
1071 1288 1133 1368 3,
1186 1289 1294 1352 10:
1348 1286 1645 1368 „Missile
1693 1309 1869 1350 nunc
1916 1285 2077 1350 disci
2113 1309 2273 1371 pon-

145 1390 275 1456 dus
323 1392 392 1456 in
439 1391 596 1456 orbe
643 1394 879 1455 rotat.“
972 1390 1207 1474 Neque
1255 1390 1453 1454 verba
1489 1395 1744 1455 levitate
1762 1393 1974 1471 J‘aculi
2006 1399 2070 1454 et
2084 1395 2273 1471 jactu

145 1500 316 1561 disci
365 1497 488 1561 sibi
536 1506 688 1561 sunt
734 1497 1054 1581 opposita,
1102 1496 1218 1560 sed
1267 1494 1393 1559 duo
1429 1519 1641 1559 rerum
1674 1495 1918 1580 pariter
1948 1496 2273 1560 inutilium

144 1602 453 1686 exempla
500 1602 693 1666 allata
740 1613 913 1681 sunt,
961 1600 1137 1684 quod
1186 1601 1601 1664 confirmatur
1633 1599 1771 1665 Cic.
1803 1600 1888 1666 de
1920 1611 2081 1666 orat.
2115 1600 2169 1682 I,
2202 1602 2271 1664 5:

150 1706 377 1786 .,Nam
427 1716 493 1771 et
538 1706 815 1772 saeculis
876 1705 1092 1769 multis
1155 1714 1342 1769 antea
1399 1705 1735 1792 gymnasia
1795 1706 2059 1770 inventa
2105 1714 2274 1787 sunt,

149 1833 349 1893 quam
398 1810 463 1874 in
516 1810 618 1874 his
676 1809 1045 1894 philosophi
1106 1809 1354 1894 garrire
1414 1822 1768 1894 coeperunt
1826 1820 1891 1874 et
1947 1810 2073 1874 hoc
2129 1809 2271 1894 ipso

147 1924 478 2000 tempore,
557 1938 753 1999 quum
824 1915 1039 1979 omnia
1107 1914 1445 2000 gymnasia
1520 1914 1895 2001 philosophi
1969 1923 2270 1995 teneant,

149 2027 372 2084 tamen
461 2042 682 2083 eorum
769 2016 1135 2082 auditores.
1187 2018 1437 2081 discum
1526 2017 1750 2082 audire
1841 2041 2033 2101 quam
2130 2018 2274 2104 phi-

156 2124 507 2208 losophum
551 2123 833 2188 malunt:
884 2122 993 2206 qui
1025 2122 1216 2187 simul
1251 2123 1597 2207 increpuit,
1642 2123 1708 2186 in
1741 2123 1951 2187 media
1982 2123 2275 2189 oratione

153 2227 234 2292 de
261 2228 559 2293 maximis
592 2228 785 2293 rebus
818 2236 884 2292 et
916 2227 1316 2314 gravissimis
1350 2227 1789 2312 disputantem
1817 2228 2274 2313 philosophum

154 2355 379 2397 omnes
428 2332 751 2398 unctionis
801 2354 999 2397 causa
1045 2332 1446 2415 relinquunt:
1496 2332 1587 2396 ita
1619 2333 2011 2398 levissimam
2059 2332 2274 2397 delec-

153 2438 464 2503 tationem
496 2437 937 2526 gravissimae,
960 2445 1041 2500 rut
1071 2436 1195 2522 ipsi
1228 2437 1462 2519 ferunt,
1510 2437 1777 2503 utilitati
1806 2443 2270 2524 anteponunt.“

334 2540 499 2628 Cap.
534 2546 595 2608 6.
672 2543 889 2629 Aper:
933 2542 1058 2625 „ad
1095 2542 1513 2627 voluptatem,
1558 2543 1791 2626 inquit,
1828 2543 2109 2608 oratoria
2151 2544 2275 2608 elo·

159 2647 458 2730 quentiae
473 2656 757 2727 transeo,
784 2649 970 2731 cujus
987 2647 1368 2733 jucunditas
1396 2670 1524 2711 non
1542 2671 1669 2712 uno
1696 2647 1912 2731 aliquo
1925 2656 2273 2729 momente,

156 2752 270 2818 sed
305 2752 606 2817 omnibus
640 2776 847 2837 prope
880 2751 1109 2817 diebus
1137 2776 1213 2816 ac
1249 2777 1453 2839 prope
1479 2753 1780 2818 omnibus
1811 2753 1990 2818 horis
2024 2754 2276 2818 contin-

157 2857 317 2944 git.“
395 2856 844 2922 Andresenius
875 2856 941 2920 in
975 2856 1282 2921 adverbio
1324 2879 1530 2939 prope
1575 2858 1676 2922 bis
1722 2858 1940 2941 posito
1988 2858 2276 2939 offendit,

163 2961 339 3046 quod
371 2962 651 3047 logicam
684 2962 1001 3027 rationem
1033 2962 1343 3049 negligat,
1390 2963 1500 3045 qui
1548 2961 1792 3046 aliquid
1841 2973 1934 3049 et,
1948 2963 2276 3047 plerisque

168 3066 396 3132 diebus
430 3077 494 3132 et
527 3090 728 3152 prope
755 3066 1055 3131 omnibus
1089 3066 1263 3131 horis
1299 3068 1557 3131 evenire
1592 3067 1784 3132 dicat.
1842 3067 2070 3151 Itaque
2096 3068 2275 3153 prius

156 3193 356 3253 prope
388 3170 576 3235 delet.
656 3171 857 3235 Haud
901 3171 1036 3236 scio
1083 3182 1319 3253 autem,
1367 3196 1448 3235 an
1481 3172 1721 3236 nullam
1754 3171 2063 3237 odoratus
2110 3181 2280 3237 esset

160 3276 738 3361 interpolationem,
785 3276 911 3341 nisi
953 3275 1230 3340 Nastius
1276 3277 1368 3340 ita
1413 3277 1745 3342 vertisset:
1793 3278 1941 3357 „ffssb
1992 3280 2127 3362 gcbe
2159 3279 2280 3364 jegt

164 3381 266 3458 auf
321 3386 429 3446 buo
478 3382 825 3465 ’Bergnfigen
886 3384 981 3446 bet
1029 3382 1406 3463 geridnlimm
1454 3382 1899 3457 ffierebtfumfeit
1944 3383 2113 3463 fiber,
2164 3384 2275 3448 1)αὸ

162 3505 292 3551 man
340 3486 484 3563 nicht
531 3493 673 3551 etum
736 3486 868 3550 blot
919 3485 1103 3569 einige
1152 3484 1551 3569 ⁵}1ugcnb1icfe,
1615 3487 1851 3563 suitbern
1912 3506 1996 3553 uu
2054 3486 2276 3569 jebem

162 3592 350 3672 <tange
396 3594 533 3654 nub
585 3591 707 3666 fust
757 3608 834 3674 gu
867 3589 1069 3672 jebet
1105 3590 1400 3654 &umbe
1434 3591 1706 3673 qeuicssen
1740 3590 1948 3657 fannd‘
2027 3592 2278 3654 Auctor

164 3718 201 3758 a
247 3692 469 3758 diebus
528 3693 610 3758 ad
669 3693 861 3758 horas
919 3693 1242 3758 transiens
1298 3694 1628 3759 rhetorica
1685 3717 1839 3759 usus
1900 3703 1998 3760 est
2043 3694 2277 3782 grada-

165 3798 352 3864 tione.
444 3796 852 3863 Contendere
900 3821 1086 3880 vero,
1147 3799 1550 3884 voluptatem
1598 3822 1678 3863 ex
1725 3794 2098 3883 eloquentia
2143 3823 2277 3864 om-

166 3903 346 3985 nibus
393 3902 622 3968 diebus
670 3902 954 3988 percipi,
1015 3904 1073 3967 ei
1132 3925 1260 3967 non
1310 3904 1522 3988 potuit
1577 3905 1642 3968 in
1701 3916 1980 3970 mentem
2037 3905 2272 3970 venire.

336 4005 490 4093 Cap.
555 4009 660 4073 23.
729 4009 795 4073 in
870 4009 1215 4072 sententia:
1286 4009 1444 4092 „qui
1510 4008 1837 4074 rhetorum
1906 4019 2275 4075 nostrorum

167 4114 649 4179 commentarios
708 4112 1080 4195 fastidiunt,
1142 4113 1448 4196 oderunt,
1507 4112 1694 4180 Calvi
1740 4116 2097 4180 mirantur“
2142 4139 2278 4180 am-

167 4219 298 4306 bigi
341 4242 530 4305 posse
563 4218 839 4301 videtur,
889 4228 1101 4283 utrum
1134 4219 1403 4284 verbum
1451 4223 1717 4284 oderunt
1763 4232 2070 4304 tanquam
2101 4222 2276 4309 glos·
