3008 5000
1463 410 1855 475 ..8.-

602 587 824 673 „Nam
875 589 1232 673 iningenio
1268 610 1550 671 quoque,
1597 586 1765 651 sicut
1810 586 1876 649 in
1924 607 2115 671 agr0,
2172 607 2561 667 quamquam
2602 583 2745 648 alia

606 693 719 758 diu
765 703 1060 759 serantur
1091 702 1282 775 atque
1327 692 1755 771 elaborentur,
1802 690 2089 775 gratiora
2131 697 2347 753 tamen
2393 712 2559 772 quae
2608 711 2744 752 sua

605 808 835 883 sponte
888 800 1309 862 nascuntur.“
1425 794 1613 876 Quae
1684 818 1882 879 quum
1952 793 2365 859 Andresenio
2448 793 2742 878 intelligi

604 926 733 967 non
764 924 956 988 posse
990 900 1385 982 viderentur,
1435 901 1742 984 conjecit:
1790 899 2011 980 „Nam
2054 900 2119 962 in
2151 899 2411 984 ingenio
2445 920 2741 981 quoque,

609 1008 779 1072 sicut
826 1008 891 1070 in
938 1029 1116 1092 agm,
1165 1029 1559 1089 quamquam
1606 1009 1925 1070 solidiora
1974 1005 2104 1088 [vel
2151 1005 2503 1085 validiora]
2567 1023 2743 1084 quac

608 1120 912 1175 seruntur
981 1120 1174 1194 atque
1231 1110 1666 1191 elaborantur,
1732 1109 2019 1195 gratiora
2077 1120 2327 1187 tamen,
2399 1129 2561 1190 quae
2612 1129 2742 1170 sua

606 1225 836 1300 sponte
881 1218 1304 1279 nascuntur.“
1394 1215 1703 1280 Attamen
1752 1213 1912 1278 nihil
1941 1212 2429 1277 immutandum.
2523 1210 2739 1275 Recte

607 1319 777 1385 enim
825 1330 1053 1383 auctor
1102 1318 1342 1405 dialogi
1405 1320 1530 1383 alia
1587 1317 1697 1381 diu
1764 1319 1890 1382 seri
1950 1326 2140 1400 atque
2188 1315 2536 1397 elaborari,
2609 1314 2740 1379 alia

546 1416 547 1421 ¹
609 1445 728 1487 sua
797 1434 1027 1508 sponte
1098 1424 1277 1487 nasci
1348 1445 1552 1506 eaque
1623 1422 1909 1508 gratiora
1977 1443 2119 1486 esse
2189 1423 2298 1485 ait.
2417 1423 2519 1483 Ac
2589 1442 2736 1504 per-

606 1549 829 1612 peram
897 1526 1285 1591 vocabulum
1354 1531 1463 1591 diu
1533 1552 1571 1590 a
1637 1527 1954 1611 scriptore
2024 1525 2544 1589 emendationum
2622 1523 2738 1587 de-

607 1630 810 1695 letum
869 1640 1002 1713 est,
1070 1655 1200 1696 non
1257 1632 1695 1717 perspiciente
1742 1630 2003 1713 quidem
2048 1630 2117 1693 id
2164 1629 2246 1694 ad
2295 1630 2483 1693 ambo
2532 1629 2739 1692 verba

606 1745 909 1800 serantur
982 1744 1173 1818 atque
1249 1738 1655 1801 elaborentur
1727 1736 2069 1820 pertinere.
2193 1734 2431 1818 Neque
2509 1756 2737 1816 quem-

611 1862 804 1923 quam
836 1848 1010 1924 .puto
1058 1851 1483 1926 negaturum,
1544 1840 1823 1925 plurima
1879 1842 1947 1904 in
2003 1840 2265 1926 ingenio
2325 1838 2433 1903 diu
2494 1848 2558 1901 et
2607 1839 2737 1903 seri

611 1953 676 2007 et
722 1942 1060 2009 elaborari.

732 2133 738 2138 ,
790 2061 953 2147 Cap.
1006 2065 1064 2127 8.
1125 2064 1332 2148 princ.
1395 2064 1614 2128 verbis
1673 2063 1753 2127 de
1822 2063 2013 2127 laude
2069 2063 2253 2148 Eprii
2310 2064 2614 2127 Marcelli
2674 2073 2740 2126 et

611 2167 792 2258 Vibii
840 2165 1058 2252 Crispi
1104 2168 1293 2232 factis
1354 2168 1480 2232 hoc
1540 2167 1735 2232 modo
1780 2169 2106 2254 pergitur:
2176 2191 2343 2248 „nec
2410 2168 2537 2231 hoc
2605 2168 2736 2232 illis

611 2271 876 2335 alterius
925 2280 1024 2335 ter
1056 2272 1262 2337 milies
1295 2275 1666 2338 sestertium
1697 2283 2003 2358 praestat,
2050 2296 2439 2356 quamquam
2490 2273 2572 2337 ad
2617 2274 2735 2338 has

614 2376 792 2459 ipsas
841 2398 1001 2459 opes
1049 2387 1328 2460 possunt
1374 2377 1593 2442 videre
1642 2378 2043 2459 eloquentiae
2094 2377 2408 2440 beneficio
2456 2379 2736 2458 venisse,

616 2479 759 2566 ipsa
805 2480 1195 2564 eloquentia,
1245 2484 1434 2568 cujus
1483 2506 1720 2547 numen
1771 2495 1836 2547 et
1870 2482 2167 2546 caelestis
2216 2483 2312 2547 vis
2347 2482 2549 2547 multa
2593 2483 2735 2566 qui-

616 2583 761 2647 dem
811 2586 1107 2651 omnibus
1141 2588 1417 2651 saeculis
1467 2588 1761 2674 exempla
1791 2587 2039 2652 edidit“
2088 2598 2211 2652 cet.
2303 2589 2509 2652 Totus
2552 2588 2731 2651 locus

615 2688 1028 2753 Andresenio
1089 2689 1314 2775 judice
1385 2682 1479 2755 sic
1550 2692 1974 2777 corrigendus
2036 2702 2166 2756 est:
2237 2715 2359 2756 nec
2419 2692 2546 2756 hoc
2604 2692 2731 2757 illis

613 2794 880 2858 alterius
929 2798 1052 2871 bis,
1101 2799 1365 2860 alterius
1417 2806 1515 2859 ter
1563 2797 1768 2861 milies
1804 2799 2173 2861 sestertium
2222 2805 2536 2881 praestat:
2587 2801 2731 2878 quin

616 2897 698 2960 ad
744 2899 861 2963 has
907 2900 1085 2983 ipsas
1146 2923 1304 2984 opes
1362 2914 1641 2985 possunt
1698 2901 1905 2966 videri
1965 2902 2368 2985 eloquentiae
2416 2902 2729 2968 beneficio

617 3002 890 3084 venisse,
952 3006 1137 3089 cujus
1195 3042 1279 3052 —
1335 3006 1376 3068 i.
1439 3029 1494 3070 e.
1559 3011 1677 3071 nub
1742 3008 1869 3073 hies
1935 3016 2136 3092 trngeu
2196 3009 2367 3091 ibneu
2437 3007 2588 3085 nicht
2644 3008 2728 3074 bie

613 3108 744 3174 200
792 3108 1117 3175 {Utillioneu
1167 3111 1270 3175 bes
1320 3109 1514 3176 OEinen
1543 3113 1702 3178 ⁴unt>
1764 3111 1855 3177 bie
1915 3113 2043 3177 300
2092 3113 2413 3179 ffltissiouen
2463 3115 2566 3177 bes
2614 3116 2728 3179 ⁵:111:

617 3210 757 3276 bern
807 3212 928 3295 ein,
984 3221 1046 3277 es
1096 3212 1238 3278 fanu
1286 3212 1561 3296 biennem
1607 3216 1884 3297 funium„
1943 3219 2037 3281 ‹11ss
2095 3217 2284 3283 mdren
2342 3220 2414 3297 ste
2472 3234 2536 3302 311
2598 3218 2725 3282 eben

615 3315 817 3387 biefem
846 3315 1213 3390 {Heiditbume
1249 3322 1408 3398 hurd)
1458 3319 1551 3385 bie
1584 3320 2027 3398 ffierebtfamfeit
2074 3324 2328 3402 qernnqt,
2379 3325 2543 3387 beron
2581 3325 2719 3384 —“.

614 3418 765 3482 Jam
814 3419 1112 3504 Lipsius:
1176 3423 1491 3505 „sci-ibas,
1547 3425 1779 3508 inquit,
1838 3437 1902 3489 et
1948 3425 2338 3511 distinguas:
2396 3448 2561 3508 „nec
2606 3427 2722 3490 hoc

614 3522 740 3586 illis
798 3524 1061 3613 alterius
1118 3537 1218 3590 ter
1274 3529 1480 3592 milies
1539 3533 1805 3594 alterius
1856 3533 1952 3595 bis
2010 3536 2213 3595 milies
2262 3532 2389 3599 HS
2447 3544 2724 3618 praestat

613 3628 1035 3711 (quamquam
1084 3631 1166 3694 ad
1213 3632 1326 3696 has
1371 3635 1548 3717 ipsas
1596 3658 1753 3718 opes
1787 3647 2062 3720 possunt
2092 3637 2294 3702 videri
2330 3639 2721 3722 eloquentiae

612 3730 926 3795 beneficio
974 3735 1254 3814 venisse)
1305 3740 1421 3802 secl
1461 3738 1606 3822 ipsa
1637 3735 2091 3823 eloquentia“,⁴
2121 3766 2283 3827 quae
2319 3743 2540 3808 addidi
2575 3746 2719 3809 satis

615 3834 771 3897 mihi
829 3846 1009 3900 certa
1066 3846 1246 3919 suut,
1315 3865 1584 3907 numero
1652 3853 1903 3907 tantum
1972 3856 2277 3931 excepto,
2347 3873 2493 3912 nam
2556 3861 2718 3915 certe

617 3939 954 4021 utriusque
1001 3963 1158 4025 opes
1207 3945 1566 4028 exprimere
1612 3949 2021 4032 propositum
2079 3950 2372 4015 habuit.“
2416 3990 2498 4000 --
2534 3952 2717 4034 Quod

612 4042 1058 4110 Andresenius
1108 4051 1257 4127 quin
1302 4072 1421 4133 pro
1470 4072 1841 4132 quamquam
1875 4052 2207 4119 substituit
2253 4066 2316 4119 et
2354 4057 2553 4121 verba
2585 4063 2719 4140 ipsa

615 4152 976 4231 eloquentia
1021 4153 1365 4237 expunxit,
1414 4156 1576 4219 haec
1622 4167 1884 4240 nonssest
1935 4160 2298 4224 emendatio
2351 4161 2464 4226 sed
2514 4165 2717 4248 potius
