<?xml version="1.0" encoding="UTF-8"?>
<!DOCTYPE html PUBLIC "-//W3C//DTD XHTML 1.0 Transitional//EN"
    "http://www.w3.org/TR/xhtml1/DTD/xhtml1-transitional.dtd">
<html xmlns="http://www.w3.org/1999/xhtml" xml:lang="en" lang="en">
 <head>
  <title>
</title>
<meta http-equiv="Content-Type" content="text/html;charset=utf-8" />
  <meta name='ocr-system' content='tesseract 3.04.00' />
  <meta name='ocr-capabilities' content='ocr_page ocr_carea ocr_par ocr_line ocrx_word'/>
</head>
<body>
  <div class='ocr_page' id='page_1' title='image "./deemendationibu00kappgoog_0053.png"; bbox 0 0 3008 5000; ppageno 0'>
   <div class='ocr_carea' id='block_1_1' title="bbox 1116 532 1553 594">
    <p class='ocr_par' dir='ltr' id='par_1_1' title="bbox 1116 532 1553 594">
     <span class='ocr_line' id='line_1_1' title="bbox 1116 532 1553 594; baseline 0 -16"><span class='ocrx_word' id='word_1_1' title='bbox 1116 532 1553 594; x_wconf 66' lang='lat'>...49-</span> 
     </span>
    </p>
   </div>
   <div class='ocr_carea' id='block_1_2' title="bbox 244 702 2393 4419">
    <p class='ocr_par' dir='ltr' id='par_1_2' title="bbox 257 702 2393 1108">
     <span class='ocr_line' id='line_1_2' title="bbox 257 702 2392 792; baseline -0 -19"><span class='ocrx_word' id='word_1_2' title='bbox 257 705 584 773; x_wconf 77' lang='lat' dir='ltr'>sententia</span> <span class='ocrx_word' id='word_1_3' title='bbox 644 702 1000 790; x_wconf 88' lang='lat' dir='ltr'>spectanda</span> <span class='ocrx_word' id='word_1_4' title='bbox 1064 714 1182 770; x_wconf 90' lang='lat' dir='ltr'>est.</span> <span class='ocrx_word' id='word_1_5' title='bbox 1281 702 1502 786; x_wconf 84' lang='lat' dir='ltr'>Quum</span> <span class='ocrx_word' id='word_1_6' title='bbox 1565 727 1694 770; x_wconf 90' lang='lat' dir='ltr'>non</span> <span class='ocrx_word' id='word_1_7' title='bbox 1757 704 1954 771; x_wconf 92' lang='lat' dir='ltr'>modo</span> <span class='ocrx_word' id='word_1_8' title='bbox 2014 727 2135 792; x_wconf 91' lang='lat' dir='ltr'>per</span> <span class='ocrx_word' id='word_1_9' title='bbox 2181 713 2392 772; x_wconf 88' lang='lat' dir='ltr'>totum</span> 
     </span>
     <span class='ocr_line' id='line_1_3' title="bbox 260 809 2393 895; baseline -0 -18"><span class='ocrx_word' id='word_1_10' title='bbox 260 810 393 877; x_wconf 91' lang='lat' dir='ltr'>hoc</span> <span class='ocrx_word' id='word_1_11' title='bbox 443 818 661 895; x_wconf 89' lang='lat' dir='ltr'>caput,</span> <span class='ocrx_word' id='word_1_12' title='bbox 709 831 933 874; x_wconf 83' lang='lat' dir='ltr'>verum</span> <span class='ocrx_word' id='word_1_13' title='bbox 981 809 1172 877; x_wconf 89' lang='lat' dir='ltr'>etiam</span> <span class='ocrx_word' id='word_1_14' title='bbox 1219 832 1336 894; x_wconf 90' lang='lat' dir='ltr'>per</span> <span class='ocrx_word' id='word_1_15' title='bbox 1394 809 1857 893; x_wconf 88' lang='lat' dir='ltr'>subsequentia</span> <span class='ocrx_word' id='word_1_16' title='bbox 1901 809 1981 875; x_wconf 89' lang='lat' dir='ltr'>de</span> <span class='ocrx_word' id='word_1_17' title='bbox 2029 810 2393 877; x_wconf 84' lang='lat' dir='ltr'>oratoribus</span> 
     </span>
     <span class='ocr_line' id='line_1_4' title="bbox 261 913 2393 999; baseline 0 -19"><span class='ocrx_word' id='word_1_18' title='bbox 261 915 546 998; x_wconf 81' lang='lat' dir='ltr'><strong>antiquis</strong></span> <span class='ocrx_word' id='word_1_19' title='bbox 596 913 986 994; x_wconf 86' lang='lat' dir='ltr'>disseratur,</span> <span class='ocrx_word' id='word_1_20' title='bbox 1045 934 1371 997; x_wconf 88' lang='lat' dir='ltr'>quumque</span> <span class='ocrx_word' id='word_1_21' title='bbox 1418 913 1772 978; x_wconf 82' lang='lat' dir='ltr'><strong>enuntiatio</strong></span> <span class='ocrx_word' id='word_1_22' title='bbox 1829 913 2212 999; x_wconf 89' lang='lat' dir='ltr'>interposita</span> <span class='ocrx_word' id='word_1_23' title='bbox 2252 916 2393 980; x_wconf 90' lang='lat' dir='ltr'>nul-</span> 
     </span>
     <span class='ocr_line' id='line_1_5' title="bbox 265 1017 2260 1108; baseline -0.001 -25"><span class='ocrx_word' id='word_1_24' title='bbox 265 1019 392 1108; x_wconf 83' lang='lat' dir='ltr'>lius</span> <span class='ocrx_word' id='word_1_25' title='bbox 441 1020 525 1083; x_wconf 94' lang='lat' dir='ltr'>sit</span> <span class='ocrx_word' id='word_1_26' title='bbox 573 1020 907 1101; x_wconf 82' lang='lat' dir='ltr'>momenti,</span> <span class='ocrx_word' id='word_1_27' title='bbox 955 1042 1085 1083; x_wconf 86' lang='lat' dir='ltr'>vox</span> <span class='ocrx_word' id='word_1_28' title='bbox 1128 1029 1402 1083; x_wconf 83' lang='lat' dir='ltr'>veterum</span> <span class='ocrx_word' id='word_1_29' title='bbox 1447 1019 1702 1105; x_wconf 81' lang='lat' dir='ltr'>inte&#39;gra</span> <span class='ocrx_word' id='word_1_30' title='bbox 1741 1017 2097 1104; x_wconf 89' lang='lat' dir='ltr'>judicanda</span> <span class='ocrx_word' id='word_1_31' title='bbox 2140 1028 2260 1084; x_wconf 90' lang='lat' dir='ltr'>est.</span> 
     </span>
    </p>

    <p class='ocr_par' dir='ltr' id='par_1_3' title="bbox 259 1119 2393 2773">
     <span class='ocr_line' id='line_1_6' title="bbox 445 1119 2393 1209; baseline 0.001 -22"><span class='ocrx_word' id='word_1_32' title='bbox 445 1119 605 1208; x_wconf 86' lang='lat' dir='ltr'>Cap.</span> <span class='ocrx_word' id='word_1_33' title='bbox 659 1126 761 1188; x_wconf 87' lang='lat'>19.</span> <span class='ocrx_word' id='word_1_34' title='bbox 810 1124 875 1191; x_wconf 90' lang='lat' dir='ltr'>in</span> <span class='ocrx_word' id='word_1_35' title='bbox 922 1123 1168 1188; x_wconf 89' lang='lat' dir='ltr'>verbis:</span> <span class='ocrx_word' id='word_1_36' title='bbox 1220 1123 1420 1204; x_wconf 84' lang='lat' dir='ltr'>„Jam</span> <span class='ocrx_word' id='word_1_37' title='bbox 1466 1146 1622 1189; x_wconf 87' lang='lat' dir='ltr'>vero</span> <span class='ocrx_word' id='word_1_38' title='bbox 1676 1123 1874 1209; x_wconf 88' lang='lat' dir='ltr'>longa</span> <span class='ocrx_word' id='word_1_39' title='bbox 1930 1124 2393 1208; x_wconf 81' lang='lat' dir='ltr'>principiorum</span> 
     </span>
     <span class='ocr_line' id='line_1_7' title="bbox 261 1226 2391 1313; baseline 0.001 -21"><span class='ocrx_word' id='word_1_40' title='bbox 261 1228 677 1313; x_wconf 81' lang='lat' dir='ltr'>praeparatio</span> <span class='ocrx_word' id='word_1_41' title='bbox 744 1267 827 1275; x_wconf 91' lang='lat'>—</span> <span class='ocrx_word' id='word_1_42' title='bbox 900 1241 965 1291; x_wconf 89' lang='lat' dir='ltr'>et</span> <span class='ocrx_word' id='word_1_43' title='bbox 1024 1226 1342 1310; x_wconf 83' lang='lat' dir='ltr'>quidquid</span> <span class='ocrx_word' id='word_1_44' title='bbox 1403 1227 1578 1291; x_wconf 91' lang='lat' dir='ltr'>aliud</span> <span class='ocrx_word' id='word_1_45' title='bbox 1647 1227 2025 1294; x_wconf 82' lang='lat' dir='ltr'>aridissimis</span> <span class='ocrx_word' id='word_1_46' title='bbox 2112 1228 2391 1294; x_wconf 90' lang='lat' dir='ltr'>Herma-</span> 
     </span>
     <span class='ocr_line' id='line_1_8' title="bbox 264 1330 2387 1418; baseline 0 -22"><span class='ocrx_word' id='word_1_47' title='bbox 264 1354 469 1418; x_wconf 88' lang='lat' dir='ltr'>gorae</span> <span class='ocrx_word' id='word_1_48' title='bbox 528 1341 593 1396; x_wconf 89' lang='lat' dir='ltr'>et</span> <span class='ocrx_word' id='word_1_49' title='bbox 639 1330 1029 1416; x_wconf 87' lang='lat' dir='ltr'>Apollodori</span> <span class='ocrx_word' id='word_1_50' title='bbox 1086 1330 1270 1395; x_wconf 90' lang='lat' dir='ltr'>libris</span> <span class='ocrx_word' id='word_1_51' title='bbox 1326 1331 1754 1416; x_wconf 88' lang='lat' dir='ltr'>praecipitur,</span> <span class='ocrx_word' id='word_1_52' title='bbox 1809 1333 1877 1396; x_wconf 90' lang='lat' dir='ltr'>in</span> <span class='ocrx_word' id='word_1_53' title='bbox 1935 1332 2177 1397; x_wconf 90' lang='lat' dir='ltr'>honore</span> <span class='ocrx_word' id='word_1_54' title='bbox 2222 1342 2387 1398; x_wconf 88' lang='lat' dir='ltr'>erat:</span> 
     </span>
     <span class='ocr_line' id='line_1_9' title="bbox 264 1434 2393 1521; baseline 0.002 -21"><span class='ocrx_word' id='word_1_55' title='bbox 264 1434 443 1519; x_wconf 89' lang='lat' dir='ltr'>quod</span> <span class='ocrx_word' id='word_1_56' title='bbox 487 1435 543 1501; x_wconf 90' lang='lat' dir='ltr'>si</span> <span class='ocrx_word' id='word_1_57' title='bbox 592 1437 736 1520; x_wconf 90' lang='lat' dir='ltr'>quis</span> <span class='ocrx_word' id='word_1_58' title='bbox 783 1435 1095 1501; x_wconf 88' lang='lat' dir='ltr'>odoratus</span> <span class='ocrx_word' id='word_1_59' title='bbox 1156 1434 1635 1520; x_wconf 89' lang='lat' dir='ltr'>philosophiam</span> <span class='ocrx_word' id='word_1_60' title='bbox 1683 1435 2015 1501; x_wconf 90' lang='lat' dir='ltr'>videretur</span> <span class='ocrx_word' id='word_1_61' title='bbox 2070 1447 2265 1521; x_wconf 89' lang='lat' dir='ltr'>atque</span> <span class='ocrx_word' id='word_1_62' title='bbox 2311 1463 2393 1504; x_wconf 91' lang='lat' dir='ltr'>ex</span> 
     </span>
     <span class='ocr_line' id='line_1_10' title="bbox 259 1538 2390 1623; baseline 0.001 -16"><span class='ocrx_word' id='word_1_63' title='bbox 259 1562 338 1607; x_wconf 85' lang='lat' dir='ltr'>ea</span> <span class='ocrx_word' id='word_1_64' title='bbox 382 1541 601 1605; x_wconf 89' lang='lat' dir='ltr'>locum</span> <span class='ocrx_word' id='word_1_65' title='bbox 645 1540 928 1623; x_wconf 89' lang='lat' dir='ltr'>aliquem</span> <span class='ocrx_word' id='word_1_66' title='bbox 970 1539 1243 1604; x_wconf 88' lang='lat' dir='ltr'>orationi</span> <span class='ocrx_word' id='word_1_67' title='bbox 1287 1561 1441 1604; x_wconf 88' lang='lat' dir='ltr'>suae</span> <span class='ocrx_word' id='word_1_68' title='bbox 1469 1538 1803 1622; x_wconf 89' lang='lat' dir='ltr'>insereret,</span> <span class='ocrx_word' id='word_1_69' title='bbox 1848 1541 1916 1605; x_wconf 92' lang='lat' dir='ltr'>in</span> <span class='ocrx_word' id='word_1_70' title='bbox 1960 1541 2211 1608; x_wconf 90' lang='lat' dir='ltr'>coelum</span> <span class='ocrx_word' id='word_1_71' title='bbox 2253 1541 2390 1608; x_wconf 68' lang='lat' dir='ltr'>Iau-</span> 
     </span>
     <span class='ocr_line' id='line_1_11' title="bbox 265 1642 2391 1732; baseline 0 -23"><span class='ocrx_word' id='word_1_72' title='bbox 265 1643 464 1711; x_wconf 84' lang='lat' dir='ltr'>dibus</span> <span class='ocrx_word' id='word_1_73' title='bbox 534 1644 914 1710; x_wconf 80' lang='lat' dir='ltr'>ferebatur“</span> <span class='ocrx_word' id='word_1_74' title='bbox 981 1642 1429 1711; x_wconf 88' lang='lat' dir='ltr'>Andresenius</span> <span class='ocrx_word' id='word_1_75' title='bbox 1515 1643 1639 1708; x_wconf 91' lang='lat' dir='ltr'>sibi</span> <span class='ocrx_word' id='word_1_76' title='bbox 1702 1644 1962 1709; x_wconf 90' lang='lat' dir='ltr'>videtur</span> <span class='ocrx_word' id='word_1_77' title='bbox 2027 1647 2391 1732; x_wconf 88' lang='lat' dir='ltr'>graviorem</span> 
     </span>
     <span class='ocr_line' id='line_1_12' title="bbox 259 1748 2388 1836; baseline 0.001 -22"><span class='ocrx_word' id='word_1_78' title='bbox 259 1750 833 1835; x_wconf 82' lang='lat' dir='ltr'>interpolationem</span> <span class='ocrx_word' id='word_1_79' title='bbox 878 1748 1222 1814; x_wconf 88' lang='lat' dir='ltr'>invenisse.</span> <span class='ocrx_word' id='word_1_80' title='bbox 1318 1748 1435 1831; x_wconf 83' lang='lat' dir='ltr'>„In</span> <span class='ocrx_word' id='word_1_81' title='bbox 1482 1749 1606 1830; x_wconf 84' lang='lat' dir='ltr'>his,</span> <span class='ocrx_word' id='word_1_82' title='bbox 1653 1749 1764 1831; x_wconf 90' lang='lat' dir='ltr'>ait,</span> <span class='ocrx_word' id='word_1_83' title='bbox 1812 1771 2199 1832; x_wconf 89' lang='lat' dir='ltr'>quamquam</span> <span class='ocrx_word' id='word_1_84' title='bbox 2242 1774 2388 1836; x_wconf 92' lang='lat' dir='ltr'>per-</span> 
     </span>
     <span class='ocr_line' id='line_1_13' title="bbox 263 1852 2388 1939; baseline 0.001 -21"><span class='ocrx_word' id='word_1_85' title='bbox 263 1855 439 1919; x_wconf 86' lang='lat' dir='ltr'>versi</span> <span class='ocrx_word' id='word_1_86' title='bbox 487 1862 601 1918; x_wconf 89' lang='lat' dir='ltr'>aut</span> <span class='ocrx_word' id='word_1_87' title='bbox 644 1853 852 1937; x_wconf 82' lang='lat' dir='ltr'>inepti</span> <span class='ocrx_word' id='word_1_88' title='bbox 898 1853 1057 1917; x_wconf 91' lang='lat' dir='ltr'>nihil</span> <span class='ocrx_word' id='word_1_89' title='bbox 1102 1852 1291 1934; x_wconf 89' lang='lat' dir='ltr'>inest,</span> <span class='ocrx_word' id='word_1_90' title='bbox 1338 1860 1555 1917; x_wconf 89' lang='lat' dir='ltr'>tamen</span> <span class='ocrx_word' id='word_1_91' title='bbox 1587 1853 1799 1918; x_wconf 90' lang='lat' dir='ltr'>minus</span> <span class='ocrx_word' id='word_1_92' title='bbox 1835 1853 2167 1939; x_wconf 87' lang='lat' dir='ltr'>eleganter</span> <span class='ocrx_word' id='word_1_93' title='bbox 2195 1863 2388 1939; x_wconf 90' lang='lat' dir='ltr'>atque</span> 
     </span>
     <span class='ocr_line' id='line_1_14' title="bbox 272 1956 2389 2039; baseline 0 -16"><span class='ocrx_word' id='word_1_94' title='bbox 272 1957 443 2023; x_wconf 87' lang='lat' dir='ltr'>adeo</span> <span class='ocrx_word' id='word_1_95' title='bbox 491 1958 759 2022; x_wconf 88' lang='lat' dir='ltr'>moleste</span> <span class='ocrx_word' id='word_1_96' title='bbox 823 1956 998 2020; x_wconf 90' lang='lat' dir='ltr'>dicta</span> <span class='ocrx_word' id='word_1_97' title='bbox 1057 1964 1210 2020; x_wconf 90' lang='lat' dir='ltr'>sunt</span> <span class='ocrx_word' id='word_1_98' title='bbox 1265 1957 1459 2022; x_wconf 86' lang='lat' dir='ltr'>haec:</span> <span class='ocrx_word' id='word_1_99' title='bbox 1523 1967 1711 2039; x_wconf 81' lang='lat' dir='ltr'>atque</span> <span class='ocrx_word' id='word_1_100' title='bbox 1761 1980 1843 2022; x_wconf 78' lang='lat' dir='ltr'>eoe</span> <span class='ocrx_word' id='word_1_101' title='bbox 1900 1980 1978 2023; x_wconf 84' lang='lat' dir='ltr'>ea</span> <span class='ocrx_word' id='word_1_102' title='bbox 2025 1961 2225 2024; x_wconf 81' lang='lat' dir='ltr'>locum</span> <span class='ocrx_word' id='word_1_103' title='bbox 2266 1964 2389 2024; x_wconf 79' lang='lat' dir='ltr'>ali-</span> 
     </span>
     <span class='ocr_line' id='line_1_15' title="bbox 261 2060 2388 2150; baseline 0 -22"><span class='ocrx_word' id='word_1_104' title='bbox 261 2083 440 2147; x_wconf 81' lang='lat' dir='ltr'>quem</span> <span class='ocrx_word' id='word_1_105' title='bbox 487 2065 773 2127; x_wconf 77' lang='lat' dir='ltr'>orationi</span> <span class='ocrx_word' id='word_1_106' title='bbox 814 2082 971 2125; x_wconf 79' lang='lat' dir='ltr'>suae</span> <span class='ocrx_word' id='word_1_107' title='bbox 1017 2065 1343 2139; x_wconf 81' lang='lat' dir='ltr'>insereret,</span> <span class='ocrx_word' id='word_1_108' title='bbox 1391 2060 1646 2145; x_wconf 68' lang='lat' dir='ltr'>quibus‘</span> <span class='ocrx_word' id='word_1_109' title='bbox 1671 2061 1855 2126; x_wconf 90' lang='lat' dir='ltr'>arido</span> <span class='ocrx_word' id='word_1_110' title='bbox 1888 2085 1964 2126; x_wconf 88' lang='lat' dir='ltr'>ac</span> <span class='ocrx_word' id='word_1_111' title='bbox 2008 2062 2247 2150; x_wconf 87' lang='lat' dir='ltr'>frigido</span> <span class='ocrx_word' id='word_1_112' title='bbox 2293 2063 2388 2128; x_wconf 88' lang='lat' dir='ltr'>di-</span> 
     </span>
     <span class='ocr_line' id='line_1_16' title="bbox 267 2165 2388 2253; baseline 0 -21"><span class='ocrx_word' id='word_1_113' title='bbox 267 2166 460 2232; x_wconf 88' lang='lat' dir='ltr'>cendi</span> <span class='ocrx_word' id='word_1_114' title='bbox 507 2189 745 2253; x_wconf 86' lang='lat' dir='ltr'>genere</span> <span class='ocrx_word' id='word_1_115' title='bbox 791 2166 1143 2250; x_wconf 90' lang='lat' dir='ltr'>repetitur,</span> <span class='ocrx_word' id='word_1_116' title='bbox 1209 2165 1389 2248; x_wconf 89' lang='lat' dir='ltr'>quod</span> <span class='ocrx_word' id='word_1_117' title='bbox 1447 2167 1576 2245; x_wconf 83' lang='lat' dir='ltr'>eiS,</span> <span class='ocrx_word' id='word_1_118' title='bbox 1632 2188 1796 2249; x_wconf 87' lang='lat' dir='ltr'>quae</span> <span class='ocrx_word' id='word_1_119' title='bbox 1841 2167 2234 2233; x_wconf 88' lang='lat' dir='ltr'>antecedunt</span> <span class='ocrx_word' id='word_1_120' title='bbox 2291 2169 2388 2250; x_wconf 87' lang='lat' dir='ltr'>„si</span> 
     </span>
     <span class='ocr_line' id='line_1_17' title="bbox 265 2269 2388 2357; baseline 0.001 -22"><span class='ocrx_word' id='word_1_121' title='bbox 265 2272 412 2355; x_wconf 91' lang='lat' dir='ltr'>quis</span> <span class='ocrx_word' id='word_1_122' title='bbox 490 2270 801 2336; x_wconf 87' lang='lat' dir='ltr'>odoratus</span> <span class='ocrx_word' id='word_1_123' title='bbox 885 2269 1359 2354; x_wconf 87' lang='lat' dir='ltr'>philosophiam</span> <span class='ocrx_word' id='word_1_124' title='bbox 1448 2269 1820 2336; x_wconf 87' lang='lat' dir='ltr'>videretur“</span> <span class='ocrx_word' id='word_1_125' title='bbox 1913 2271 2388 2357; x_wconf 88' lang='lat' dir='ltr'>elegantissime</span> 
     </span>
     <span class='ocr_line' id='line_1_18' title="bbox 268 2373 2389 2456; baseline -0 -15"><span class='ocrx_word' id='word_1_126' title='bbox 268 2374 519 2441; x_wconf 88' lang='lat' dir='ltr'>dictum</span> <span class='ocrx_word' id='word_1_127' title='bbox 573 2379 730 2440; x_wconf 82' lang='lat' dir='ltr'>est.“</span> <span class='ocrx_word' id='word_1_128' title='bbox 847 2373 1134 2438; x_wconf 84' lang='lat' dir='ltr'>Multum</span> <span class='ocrx_word' id='word_1_129' title='bbox 1191 2382 1405 2437; x_wconf 86' lang='lat' dir='ltr'>autem</span> <span class='ocrx_word' id='word_1_130' title='bbox 1459 2374 1757 2456; x_wconf 92' lang='lat' dir='ltr'>interest,</span> <span class='ocrx_word' id='word_1_131' title='bbox 1825 2382 2038 2439; x_wconf 90' lang='lat' dir='ltr'>utrum</span> <span class='ocrx_word' id='word_1_132' title='bbox 2108 2399 2189 2439; x_wconf 92' lang='lat' dir='ltr'>ex</span> <span class='ocrx_word' id='word_1_133' title='bbox 2253 2383 2389 2440; x_wconf 87' lang='lat' dir='ltr'>tota</span> 
     </span>
     <span class='ocr_line' id='line_1_19' title="bbox 261 2468 2387 2565; baseline 0.001 -20"><span class='ocrx_word' id='word_1_134' title='bbox 261 2468 552 2545; x_wconf 86' lang='lat' dir='ltr'>oratione</span> <span class='ocrx_word' id='word_1_135' title='bbox 596 2478 922 2565; x_wconf 86' lang='lat' dir='ltr'>intelligas</span> <span class='ocrx_word' id='word_1_136' title='bbox 968 2486 1293 2543; x_wconf 91' lang='lat' dir='ltr'>oratorem</span> <span class='ocrx_word' id='word_1_137' title='bbox 1326 2478 1772 2564; x_wconf 87' lang='lat' dir='ltr'>philosophiae</span> <span class='ocrx_word' id='word_1_138' title='bbox 1818 2502 2074 2565; x_wconf 84' lang='lat' dir='ltr'>operam</span> <span class='ocrx_word' id='word_1_139' title='bbox 2110 2479 2387 2564; x_wconf 79' lang='lat' dir='ltr'>dedisse,</span> 
     </span>
     <span class='ocr_line' id='line_1_20' title="bbox 264 2583 2386 2669; baseline 0 -20"><span class='ocrx_word' id='word_1_140' title='bbox 264 2607 348 2650; x_wconf 89' lang='lat' dir='ltr'>an</span> <span class='ocrx_word' id='word_1_141' title='bbox 395 2592 615 2647; x_wconf 89' lang='lat' dir='ltr'>orator</span> <span class='ocrx_word' id='word_1_142' title='bbox 660 2583 801 2667; x_wconf 90' lang='lat' dir='ltr'>ipse</span> <span class='ocrx_word' id='word_1_143' title='bbox 849 2606 927 2647; x_wconf 88' lang='lat' dir='ltr'>ex</span> <span class='ocrx_word' id='word_1_144' title='bbox 960 2583 1494 2668; x_wconf 89' lang='lat' dir='ltr'>philosophorum</span> <span class='ocrx_word' id='word_1_145' title='bbox 1542 2584 1803 2669; x_wconf 90' lang='lat' dir='ltr'>scriptis</span> <span class='ocrx_word' id='word_1_146' title='bbox 1849 2584 2062 2650; x_wconf 90' lang='lat' dir='ltr'>locum</span> <span class='ocrx_word' id='word_1_147' title='bbox 2106 2585 2386 2668; x_wconf 88' lang='lat' dir='ltr'>aliquem</span> 
     </span>
     <span class='ocr_line' id='line_1_21' title="bbox 263 2686 1822 2773; baseline 0 -21"><span class='ocrx_word' id='word_1_148' title='bbox 263 2688 579 2773; x_wconf 87' lang='lat' dir='ltr'>proferat,</span> <span class='ocrx_word' id='word_1_149' title='bbox 627 2686 1044 2769; x_wconf 87' lang='lat' dir='ltr'>quamobrem</span> <span class='ocrx_word' id='word_1_150' title='bbox 1091 2687 1253 2754; x_wconf 92' lang='lat' dir='ltr'>nihil</span> <span class='ocrx_word' id='word_1_151' title='bbox 1299 2687 1660 2753; x_wconf 92' lang='lat' dir='ltr'>tollendum</span> <span class='ocrx_word' id='word_1_152' title='bbox 1705 2698 1822 2754; x_wconf 91' lang='lat' dir='ltr'>est.</span> 
     </span>
    </p>

    <p class='ocr_par' dir='ltr' id='par_1_4' title="bbox 256 2789 2387 3499">
     <span class='ocr_line' id='line_1_22' title="bbox 443 2789 2385 2878; baseline 0.001 -23"><span class='ocrx_word' id='word_1_153' title='bbox 443 2789 609 2875; x_wconf 89' lang='lat' dir='ltr'>Cap.</span> <span class='ocrx_word' id='word_1_154' title='bbox 658 2792 763 2855; x_wconf 86' lang='lat'>38.</span> <span class='ocrx_word' id='word_1_155' title='bbox 821 2790 962 2857; x_wconf 90' lang='lat' dir='ltr'>init.</span> <span class='ocrx_word' id='word_1_156' title='bbox 1017 2800 1196 2855; x_wconf 91' lang='lat' dir='ltr'>recte</span> <span class='ocrx_word' id='word_1_157' title='bbox 1253 2790 1430 2856; x_wconf 88' lang='lat' dir='ltr'>dicta</span> <span class='ocrx_word' id='word_1_158' title='bbox 1486 2793 1798 2878; x_wconf 89' lang='lat' dir='ltr'>legimus:</span> <span class='ocrx_word' id='word_1_159' title='bbox 1860 2794 1963 2873; x_wconf 84' lang='lat' dir='ltr'>„in</span> <span class='ocrx_word' id='word_1_160' title='bbox 2023 2815 2150 2877; x_wconf 91' lang='lat' dir='ltr'>quo</span> <span class='ocrx_word' id='word_1_161' title='bbox 2195 2816 2385 2858; x_wconf 89' lang='lat' dir='ltr'>nemo</span> 
     </span>
     <span class='ocr_line' id='line_1_23' title="bbox 258 2894 2387 2981; baseline 0 -20"><span class='ocrx_word' id='word_1_162' title='bbox 258 2897 431 2962; x_wconf 83' lang='lat' dir='ltr'>intra</span> <span class='ocrx_word' id='word_1_163' title='bbox 485 2894 913 2980; x_wconf 87' lang='lat' dir='ltr'>paucissimas</span> <span class='ocrx_word' id='word_1_164' title='bbox 985 2895 1179 2959; x_wconf 89' lang='lat' dir='ltr'>horas</span> <span class='ocrx_word' id='word_1_165' title='bbox 1242 2918 1546 2979; x_wconf 88' lang='lat' dir='ltr'>perorare</span> <span class='ocrx_word' id='word_1_166' title='bbox 1606 2896 1962 2981; x_wconf 82' lang='lat' dir='ltr'>cogebatur</span> <span class='ocrx_word' id='word_1_167' title='bbox 2019 2907 2084 2960; x_wconf 91' lang='lat' dir='ltr'>et</span> <span class='ocrx_word' id='word_1_168' title='bbox 2150 2896 2387 2966; x_wconf 85' lang='lat' dir='ltr'>liberae</span> 
     </span>
     <span class='ocr_line' id='line_1_24' title="bbox 260 2997 2386 3083; baseline 0.001 -19"><span class='ocrx_word' id='word_1_169' title='bbox 260 2997 984 3083; x_wconf 79' lang='lat' dir='ltr'>comperendinationes</span> <span class='ocrx_word' id='word_1_170' title='bbox 1031 3009 1214 3062; x_wconf 89' lang='lat' dir='ltr'>erant</span> <span class='ocrx_word' id='word_1_171' title='bbox 1260 3007 1324 3062; x_wconf 88' lang='lat' dir='ltr'>et</span> <span class='ocrx_word' id='word_1_172' title='bbox 1367 3002 1613 3063; x_wconf 81' lang='lat' dir='ltr'>modum</span> <span class='ocrx_word' id='word_1_173' title='bbox 1658 3002 1909 3064; x_wconf 78' lang='lat' dir='ltr'>dicendi</span> <span class='ocrx_word' id='word_1_174' title='bbox 1953 3000 2077 3064; x_wconf 78' lang='lat' dir='ltr'>sibi</span> <span class='ocrx_word' id='word_1_175' title='bbox 2123 3004 2386 3083; x_wconf 77' lang='lat' dir='ltr'>quisque</span> 
     </span>
     <span class='ocr_line' id='line_1_25' title="bbox 257 3102 2384 3189; baseline -0 -19"><span class='ocrx_word' id='word_1_176' title='bbox 257 3105 547 3170; x_wconf 72' lang='lat' dir='ltr'>sumebat</span> <span class='ocrx_word' id='word_1_177' title='bbox 593 3111 657 3168; x_wconf 92' lang='lat' dir='ltr'>et</span> <span class='ocrx_word' id='word_1_178' title='bbox 715 3124 1024 3168; x_wconf 92' lang='lat' dir='ltr'>numerus</span> <span class='ocrx_word' id='word_1_179' title='bbox 1095 3125 1305 3185; x_wconf 92' lang='lat' dir='ltr'>neque</span> <span class='ocrx_word' id='word_1_180' title='bbox 1376 3102 1626 3167; x_wconf 89' lang='lat' dir='ltr'>dierum</span> <span class='ocrx_word' id='word_1_181' title='bbox 1671 3125 1882 3187; x_wconf 91' lang='lat' dir='ltr'>neque</span> <span class='ocrx_word' id='word_1_182' title='bbox 1941 3111 2384 3189; x_wconf 85' lang='lat' dir='ltr'>patronorum,</span> 
     </span>
     <span class='ocr_line' id='line_1_26' title="bbox 258 3205 2384 3280; baseline 0 -8"><span class='ocrx_word' id='word_1_183' title='bbox 258 3207 672 3274; x_wconf 41' lang='lat' dir='ltr'>finiebatur&amp;</span> <span class='ocrx_word' id='word_1_184' title='bbox 769 3205 1219 3272; x_wconf 88' lang='lat' dir='ltr'>Andresenius</span> <span class='ocrx_word' id='word_1_185' title='bbox 1265 3214 1484 3270; x_wconf 90' lang='lat' dir='ltr'>tamen</span> <span class='ocrx_word' id='word_1_186' title='bbox 1531 3205 1729 3271; x_wconf 85' lang='lat' dir='ltr'>verba</span> <span class='ocrx_word' id='word_1_187' title='bbox 1775 3217 1834 3272; x_wconf 84' lang='lat' dir='ltr'>et</span> <span class='ocrx_word' id='word_1_188' title='bbox 1863 3211 2108 3274; x_wconf 80' lang='lat' dir='ltr'>modum</span> <span class='ocrx_word' id='word_1_189' title='bbox 2138 3212 2384 3280; x_wconf 74' lang='lat' dir='ltr'>dicendi</span> 
     </span>
     <span class='ocr_line' id='line_1_27' title="bbox 257 3310 2385 3395; baseline 0 -19"><span class='ocrx_word' id='word_1_190' title='bbox 257 3314 393 3376; x_wconf 72' lang='lat' dir='ltr'>sibi</span> <span class='ocrx_word' id='word_1_191' title='bbox 441 3315 708 3393; x_wconf 78' lang='lat' dir='ltr'>quisque</span> <span class='ocrx_word' id='word_1_192' title='bbox 753 3313 1036 3376; x_wconf 81' lang='lat' dir='ltr'>sumebat</span> <span class='ocrx_word' id='word_1_193' title='bbox 1069 3310 1520 3394; x_wconf 87' lang='lat' dir='ltr'>interpolatori</span> <span class='ocrx_word' id='word_1_194' title='bbox 1565 3310 1762 3375; x_wconf 91' lang='lat' dir='ltr'>tribui</span> <span class='ocrx_word' id='word_1_195' title='bbox 1793 3311 1953 3395; x_wconf 88' lang='lat' dir='ltr'>vult,</span> <span class='ocrx_word' id='word_1_196' title='bbox 2000 3311 2114 3377; x_wconf 91' lang='lat' dir='ltr'>sed</span> <span class='ocrx_word' id='word_1_197' title='bbox 2160 3321 2385 3379; x_wconf 88' lang='lat' dir='ltr'>notare</span> 
     </span>
     <span class='ocr_line' id='line_1_28' title="bbox 256 3413 1927 3499; baseline -0.001 -19"><span class='ocrx_word' id='word_1_198' title='bbox 256 3414 509 3480; x_wconf 84' lang='lat' dir='ltr'>sufficit</span> <span class='ocrx_word' id='word_1_199' title='bbox 558 3438 702 3479; x_wconf 90' lang='lat' dir='ltr'>eum</span> <span class='ocrx_word' id='word_1_200' title='bbox 752 3415 969 3499; x_wconf 93' lang='lat' dir='ltr'>ipsum</span> <span class='ocrx_word' id='word_1_201' title='bbox 1013 3437 1150 3477; x_wconf 91' lang='lat' dir='ltr'>rem</span> <span class='ocrx_word' id='word_1_202' title='bbox 1197 3414 1263 3477; x_wconf 92' lang='lat' dir='ltr'>in</span> <span class='ocrx_word' id='word_1_203' title='bbox 1308 3413 1523 3478; x_wconf 92' lang='lat' dir='ltr'>medio</span> <span class='ocrx_word' id='word_1_204' title='bbox 1569 3413 1927 3498; x_wconf 85' lang='lat' dir='ltr'>reliquisse.</span> 
     </span>
    </p>

    <p class='ocr_par' dir='ltr' id='par_1_5' title="bbox 244 3515 2385 4337">
     <span class='ocr_line' id='line_1_29' title="bbox 442 3515 2382 3603; baseline 0.001 -20"><span class='ocrx_word' id='word_1_205' title='bbox 442 3515 608 3603; x_wconf 88' lang='lat' dir='ltr'>Cap.</span> <span class='ocrx_word' id='word_1_206' title='bbox 659 3520 764 3583; x_wconf 86' lang='lat'>39.</span> <span class='ocrx_word' id='word_1_207' title='bbox 811 3517 1010 3583; x_wconf 84' lang='lat' dir='ltr'>med.:</span> <span class='ocrx_word' id='word_1_208' title='bbox 1072 3519 1324 3602; x_wconf 88' lang='lat' dir='ltr'>„ipsam</span> <span class='ocrx_word' id='word_1_209' title='bbox 1384 3518 1540 3601; x_wconf 92' lang='lat' dir='ltr'>quin</span> <span class='ocrx_word' id='word_1_210' title='bbox 1598 3518 1794 3581; x_wconf 91' lang='lat' dir='ltr'>immo</span> <span class='ocrx_word' id='word_1_211' title='bbox 1852 3541 2073 3583; x_wconf 89' lang='lat' dir='ltr'>curam</span> <span class='ocrx_word' id='word_1_212' title='bbox 2131 3527 2196 3584; x_wconf 89' lang='lat' dir='ltr'>et</span> <span class='ocrx_word' id='word_1_213' title='bbox 2241 3519 2382 3585; x_wconf 89' lang='lat' dir='ltr'>dili-</span> 
     </span>
     <span class='ocr_line' id='line_1_30' title="bbox 256 3623 2384 3711; baseline 0 -22"><span class='ocrx_word' id='word_1_214' title='bbox 256 3624 475 3711; x_wconf 89' lang='lat' dir='ltr'>gentis</span> <span class='ocrx_word' id='word_1_215' title='bbox 525 3624 655 3688; x_wconf 90' lang='lat' dir='ltr'>stili</span> <span class='ocrx_word' id='word_1_216' title='bbox 702 3624 1090 3688; x_wconf 84' lang='lat' dir='ltr'>anxietatem</span> <span class='ocrx_word' id='word_1_217' title='bbox 1138 3623 1529 3688; x_wconf 88' lang='lat' dir='ltr'>contrariam</span> <span class='ocrx_word' id='word_1_218' title='bbox 1563 3623 1950 3708; x_wconf 83' lang='lat' dir='ltr'>experimur,</span> <span class='ocrx_word' id='word_1_219' title='bbox 1999 3624 2148 3706; x_wconf 87' lang='lat' dir='ltr'>quia</span> <span class='ocrx_word' id='word_1_220' title='bbox 2189 3646 2384 3709; x_wconf 92' lang='lat' dir='ltr'>saepe</span> 
     </span>
     <span class='ocr_line' id='line_1_31' title="bbox 262 3727 2385 3813; baseline 0 -21"><span class='ocrx_word' id='word_1_221' title='bbox 262 3729 628 3813; x_wconf 89' lang='lat' dir='ltr'>interrogat</span> <span class='ocrx_word' id='word_1_222' title='bbox 675 3727 915 3813; x_wconf 88' lang='lat' dir='ltr'>judex,</span> <span class='ocrx_word' id='word_1_223' title='bbox 982 3727 1240 3810; x_wconf 91' lang='lat' dir='ltr'>quando</span> <span class='ocrx_word' id='word_1_224' title='bbox 1295 3728 1570 3811; x_wconf 89' lang='lat' dir='ltr'>incipias</span> <span class='ocrx_word' id='word_1_225' title='bbox 1633 3737 1694 3790; x_wconf 84' lang='lat' dir='ltr'>et</span> <span class='ocrx_word' id='word_1_226' title='bbox 1750 3749 1830 3791; x_wconf 75' lang='lat' dir='ltr'>eoe</span> <span class='ocrx_word' id='word_1_227' title='bbox 1883 3732 2385 3810; x_wconf 73' lang='lat' dir='ltr'>interroqatione</span> 
     </span>
     <span class='ocr_line' id='line_1_32' title="bbox 254 3830 2383 3916; baseline 0 -19"><span class='ocrx_word' id='word_1_228' title='bbox 254 3839 393 3915; x_wconf 65' lang='lat' dir='ltr'>qius</span> <span class='ocrx_word' id='word_1_229' title='bbox 442 3835 868 3913; x_wconf 77' lang='lat' dir='ltr'>incipiendum</span> <span class='ocrx_word' id='word_1_230' title='bbox 900 3841 1032 3911; x_wconf 85' lang='lat' dir='ltr'>est3</span> <span class='ocrx_word' id='word_1_231' title='bbox 1079 3833 1452 3916; x_wconf 87' lang='lat' dir='ltr'>frequenter</span> <span class='ocrx_word' id='word_1_232' title='bbox 1481 3830 1970 3915; x_wconf 87' lang='lat' dir='ltr'>probationibus</span> <span class='ocrx_word' id='word_1_233' title='bbox 2003 3841 2068 3895; x_wconf 91' lang='lat' dir='ltr'>et</span> <span class='ocrx_word' id='word_1_234' title='bbox 2111 3833 2383 3898; x_wconf 88' lang='lat' dir='ltr'>testibus</span> 
     </span>
     <span class='ocr_line' id='line_1_33' title="bbox 256 3936 2381 4022; baseline -0.001 -18"><span class='ocrx_word' id='word_1_235' title='bbox 256 3937 588 4004; x_wconf 82' lang='lat' dir='ltr'>silentium</span> <span class='ocrx_word' id='word_1_236' title='bbox 639 3946 952 4022; x_wconf 89' lang='lat' dir='ltr'>patronus</span> <span class='ocrx_word' id='word_1_237' title='bbox 1000 3937 1272 4002; x_wconf 88' lang='lat' dir='ltr'>indicit“</span> <span class='ocrx_word' id='word_1_238' title='bbox 1322 3936 1742 4001; x_wconf 88' lang='lat' dir='ltr'>Andresenio</span> <span class='ocrx_word' id='word_1_239' title='bbox 1805 3936 2006 4000; x_wconf 88' lang='lat' dir='ltr'>verba</span> <span class='ocrx_word' id='word_1_240' title='bbox 2046 3960 2126 4001; x_wconf 75' lang='lat' dir='ltr'>eoe</span> <span class='ocrx_word' id='word_1_241' title='bbox 2189 3942 2381 4002; x_wconf 79' lang='lat' dir='ltr'>inter-</span> 
     </span>
     <span class='ocr_line' id='line_1_34' title="bbox 257 4040 2383 4126; baseline 0.001 -22"><span class='ocrx_word' id='word_1_242' title='bbox 257 4045 602 4124; x_wconf 73' lang='lat' dir='ltr'>roqatione</span> <span class='ocrx_word' id='word_1_243' title='bbox 649 4044 1071 4122; x_wconf 77' lang='lat' dir='ltr'>incipiendum</span> <span class='ocrx_word' id='word_1_244' title='bbox 1117 4051 1214 4106; x_wconf 81' lang='lat' dir='ltr'>est</span> <span class='ocrx_word' id='word_1_245' title='bbox 1259 4049 1602 4126; x_wconf 92' lang='lat' dir='ltr'>propterea</span> <span class='ocrx_word' id='word_1_246' title='bbox 1657 4064 1789 4108; x_wconf 92' lang='lat' dir='ltr'>non</span> <span class='ocrx_word' id='word_1_247' title='bbox 1846 4040 2163 4123; x_wconf 86' lang='lat' dir='ltr'>arrident,</span> <span class='ocrx_word' id='word_1_248' title='bbox 2204 4040 2383 4125; x_wconf 89' lang='lat' dir='ltr'>quod</span> 
     </span>
     <span class='ocr_line' id='line_1_35' title="bbox 257 4144 2381 4228; baseline 0 -16"><span class='ocrx_word' id='word_1_249' title='bbox 257 4146 732 4213; x_wconf 86' lang='lat' dir='ltr'>sententiarum</span> <span class='ocrx_word' id='word_1_250' title='bbox 803 4147 1034 4211; x_wconf 90' lang='lat' dir='ltr'>seriem</span> <span class='ocrx_word' id='word_1_251' title='bbox 1103 4145 1389 4210; x_wconf 88' lang='lat' dir='ltr'>turbent.</span> <span class='ocrx_word' id='word_1_252' title='bbox 1489 4144 1811 4210; x_wconf 89' lang='lat' dir='ltr'>Nonnihil</span> <span class='ocrx_word' id='word_1_253' title='bbox 1873 4168 2028 4210; x_wconf 89' lang='lat' dir='ltr'>vero</span> <span class='ocrx_word' id='word_1_254' title='bbox 2095 4146 2381 4228; x_wconf 87' lang='lat' dir='ltr'>interest,</span> 
     </span>
     <span class='ocr_line' id='line_1_36' title="bbox 244 4250 2383 4337; baseline -0 -21"><span class='ocrx_word' id='word_1_255' title='bbox 244 4250 537 4337; x_wconf 84' lang='lat' dir='ltr'>judexne</span> <span class='ocrx_word' id='word_1_256' title='bbox 587 4251 1092 4337; x_wconf 86' lang='lat' dir='ltr'>interrogatione</span> <span class='ocrx_word' id='word_1_257' title='bbox 1140 4250 1495 4316; x_wconf 87' lang='lat' dir='ltr'>orationem</span> <span class='ocrx_word' id='word_1_258' title='bbox 1553 4250 1982 4337; x_wconf 88' lang='lat' dir='ltr'>interrumpat</span> <span class='ocrx_word' id='word_1_259' title='bbox 2039 4259 2105 4315; x_wconf 87' lang='lat' dir='ltr'>et</span> <span class='ocrx_word' id='word_1_260' title='bbox 2154 4260 2383 4335; x_wconf 88' lang='lat' dir='ltr'>postea</span> 
     </span>
    </p>

    <p class='ocr_par' dir='ltr' id='par_1_6' title="bbox 1974 4369 2009 4419">
     <span class='ocr_line' id='line_1_37' title="bbox 1974 4369 2009 4419; baseline 0 0"><span class='ocrx_word' id='word_1_261' title='bbox 1974 4369 2009 4419; x_wconf 88' lang='lat'>4</span> 
     </span>
    </p>
   </div>
  </div>
 </body>
</html>
