3008 5000
1129 415 1565 485 —31—

281 616 485 659 mune
543 604 715 673 erat,
773 599 846 656 ut
903 591 961 655 ei
1021 591 1209 656 etiam
1257 591 1645 656 nobilissimi
1693 592 1932 675 quique
1979 614 2048 657 se
2094 590 2409 657 dederent

280 721 607 782 nemoque
685 695 1002 762 Cicerone
1081 695 1320 762 diutius
1399 694 1879 779 declamitaret,
1954 707 2027 762 ut
2098 697 2242 782 ipse
2319 696 2409 762 ait

286 803 494 867 Tusc.
540 802 607 883 I,
654 804 716 865 4.
789 799 927 867 Cfr.
990 801 1175 865 Brut.
1227 803 1330 866 90.
1388 798 1657 867 Sueton.
1716 801 1795 867 de
1839 802 2073 867 illustr.
2130 801 2293 866 rhet.
2349 804 2404 864 1.

280 906 720 989 Nequaquam
766 905 962 993 igitur
1008 908 1383 969 declamatio
1429 905 1536 969 hic
1581 905 1623 969 i.
1673 913 1773 970 est
1818 905 1993 989 quod
2025 909 2406 971 exercitatio

282 1015 356 1074 in
407 1014 652 1075 orando
700 1008 813 1091 sed
861 1032 1069 1075 meros
1115 1009 1439 1096 significat
1484 1011 1806 1075 orantium
1855 1011 2193 1090 clamoreS,
2239 1031 2405 1094 quos

282 1114 453 1179 adeo
498 1113 894 1178 Hortensius
951 1112 1333 1179 adolescens
1391 1113 1622 1178 fecisse
1685 1113 1960 1178 traditur
2007 1137 2044 1177 a
2092 1109 2409 1179 Cicerone

283 1220 477 1284 Brut.
537 1222 641 1283 95.
745 1217 955 1283 Iidem
1023 1219 1337 1284 clamores
1411 1218 1604 1283 etiam
1674 1217 1985 1304 deinceps
2044 1221 2408 1301 inqentibus

280 1326 501 1389 verbis
547 1323 935 1386 indicantur.
1030 1320 1338 1388 Ceterum
1393 1324 1652 1387 nomine
1701 1322 2193 1388 declamationis
2239 1330 2410 1387 auct.

244 1427 397 1516 ‚ad.
453 1427 613 1492 Her.
674 1427 897 1491 itidem
959 1450 1115 1493 usus
1175 1437 1275 1492 est
1330 1428 1661 1511 verboque
1719 1426 2128 1492 declamandi
2176 1424 2409 1492 Cicero

283 1532 483 1598 Verr.
513 1533 634 1614 IV,
669 1536 786 1598 66:
832 1533 1110 1599 Insanus
1161 1541 1389 1597 contra
1435 1556 1537 1596 me
1586 1533 2145 1598 vehementissime
2195 1532 2412 1597 decla-

284 1638 513 1701 mavit.
567 1673 644 1685 —-
692 1638 770 1701 In
817 1636 1062 1702 verbis:
1114 1638 1252 1717 „sic
1283 1637 1377 1718 fit,
1423 1647 1494 1701 ut
1526 1637 2079 1723 tyrannicidarum
2124 1637 2411 1722 praemia

286 1750 408 1805 aut
470 1741 837 1806 vitiatarum
908 1742 1252 1807 electiones
1322 1751 1433 1805 aut
1490 1741 1900 1827 pestilentiae
1958 1741 2244 1806 remedia
2300 1751 2414 1806 aut

285 1847 542 1910 incesta
600 1855 877 1911 matrum
934 1856 1047 1911 aut
1104 1850 1410 1930 quidquid
1453 1847 1521 1910 in
1569 1846 1794 1912 schola
1840 1846 2127 1931 quotidie
2174 1846 2426 1932 agitur,-

283 1950 363 2014 in
417 1950 558 2015 foro
615 1951 716 2015 vel
775 1975 919 2017 raro
979 1951 1080 2016 vel
1138 1974 1504 2035 nunquam,
1560 1951 1936 2037 ingentibus
1998 1950 2212 2017 verbis
2259 1974 2430 2036 per-2

289 2062 706 2138 sequantur“
768 2056 1215 2121 Andresenius
1286 2056 1426 2120 vult
1490 2060 1798 2139 quidquid
1852 2060 2030 2120 aliud
2086 2055 2410 2122 substitui.

288 2156 681 2244 Composito
728 2161 1110 2246 pronomine
1157 2164 1447 2245 quisquis
1502 2161 1675 2246 (met
1733 2162 2006 2239 immet,
2068 2179 2200 2225 met
2246 2179 2410 2240 nur,

290 2284 438 2330 met
485 2265 668 2350 auch)
714 2288 965 2331 summa
1011 2288 1255 2346 eorum,
1304 2289 1466 2350 quae
1513 2267 1581 2329 in
1627 2265 1911 2330 medium
1955 2265 2210 2350 prolata
2240 2273 2415 2346 sunt,

290 2368 674 2452 frequenter
718 2369 1151 2452 concluditur,
1199 2392 1326 2453 qua
1372 2369 1792 2434 conclusione
1837 2369 2031 2433 etiam
2063 2368 2189 2433 alia
2220 2376 2412 2451 atque

278 2476 429 2561 jam
485 2473 677 2538 allata
735 2475 1052 2541 contineri
1114 2475 1259 2540 luce
1318 2474 1557 2540 clarius
1616 2496 1760 2540 esse
1817 2473 2129 2539 videatur.
2234 2469 2415 2554 Quid

290 2601 458 2663 ergo
515 2582 692 2643 aliud
745 2592 899 2665 post
953 2583 1260 2663 quidquid
1314 2580 1607 2644 additum
1668 2578 1793 2644 sibi
1850 2576 2048 2643 velit?
2115 2577 2412 2641 Praeter-

290 2682 564 2748 mittens
614 2684 812 2748 multa
857 2683 982 2749 alia
1027 2683 1429 2750 emendatori
1474 2692 1698 2748 nostro
1732 2684 1924 2747 etiam
1957 2680 2416 2768 corrigendum

291 2787 556 2851 tradam
624 2789 751 2855 hoc
818 2788 1253 2856 Horatianum
1323 2798 1443 2853 sat.
1514 2788 1618 2869 II,
1679 2792 1751 2868 1,
1808 2790 1891 2852 59
1951 2809 2084 2871 sq.:
2159 2785 2418 2867 „dives,

292 2893 519 2976 inopS,
564 2892 835 2975 Romae,
881 2917 997 2959 seu
1042 2894 1175 2959 fors
1222 2895 1314 2959 ita
1350 2894 1644 2979 jusserit,
1691 2892 1912 2974 exsul,
1958 2891 2250 2975 quisquis
2298 2890 2421 2954 erit

291 2996 495 3079 vitae,
541 2998 842 3081 scribam,
889 2997 1130 3063 color.“

484 3099 646 3188 Cap.
691 3104 794 3167 22.
858 3116 1020 3168 extr.
1089 3102 1484 3167 invenimus:
1558 3100 1921 3185 „quaedam
1978 3122 2133 3165 vero
2189 3100 2421 3186 procul

293 3215 677 3290 arceantur,
736 3218 806 3271 ut
852 3211 989 3294 jam
1050 3207 1416 3273 oblitterata
1475 3217 1542 3271 et
1603 3205 1905 3271 olentia.“
2014 3202 2210 3285 Quod
2256 3205 2420 3269 haec

292 3308 482 3373 verbi
527 3312 743 3376 olendi
774 3311 1160 3399 significatio
1194 3311 1576 3376 insolentior
1609 3312 1714 3392 sit,
1761 3308 2210 3375 Andresenius
2244 3331 2424 3376 com-

292 3414 569 3480 mendat
631 3415 1072 3499 antiquitatem
1131 3420 1389 3481 olentia.
1493 3415 1647 3480 Jam
1705 3413 1948 3479 dudum
1994 3436 2149 3478 vero
2199 3412 2421 3478 obser-

290 3526 524 3583 vatum
583 3529 716 3601 est,
776 3531 1108 3585 auctorem
1169 3519 1408 3605 dialogi
1455 3519 1658 3585 multa
1702 3540 2015 3601 novasse,
2060 3518 2153 3582 uti
2202 3539 2343 3602 cap.
2380 3518 2418 3588 3

294 3625 640 3711 negotium
686 3625 811 3690 sibi
839 3626 1251 3713 importasse,
1298 3646 1441 3710 cap.
1477 3628 1518 3689 4
1552 3622 1867 3689 desidiam
1900 3621 2442 3705 advocationum,¹

298 3750 452 3813 cap.
489 3733 526 3793 9
574 3729 885 3795 utilitates
933 3732 1132 3813 alunt,
1182 3752 1324 3815 cap.
1365 3732 1442 3793 17
1492 3737 1744 3794 sextam
1792 3727 1984 3814 hujus
2020 3727 2422 3812 principatus

296 3833 672 3917 stationem,
722 3857 860 3921 cap.
899 3838 976 3901 21
1028 3836 1222 3901 tertio
1271 3856 1530 3919 quoque
1585 3856 1799 3899 sensu.
1893 3830 2314 3918 Quapropter
2359 3840 2425 3895 et

301 3938 437 4002 boc
480 3937 629 4004 loco
680 3944 917 4005 olentia
964 3948 1028 4004 et
1075 3963 1217 4025 cap.
1253 3940 1334 4003 25
1383 3938 1587 4004 med:
1638 3961 1860 4002 omnes
1902 3948 2119 4001 tamen
2151 3936 2423 4001 eandem

300 4042 657 4122 sanitatem,
710 4044 1115 4129 eloquentiae
1173 4044 1436 4109 ferunt“
1496 4043 1610 4107 ubi
1655 4039 2104 4107 Andresenius
2147 4062 2309 4123 prae
2353 4062 2450 4114 sc.

295 4149 521 4230 ferunt
569 4151 905 4238 anteponit
962 4149 1239 4235 simplex
1295 4152 1511 4230 ferunt
1549 4170 1684 4212 non
1729 4144 2193 4231 improbamus,
2238 4167 2424 4235 prae-
