3008 5000
1487 470 1970 546 -26-‘

634 661 1012 719 contextum
1070 677 1259 721 secus
1305 655 1733 737 intellexisse,
1789 656 1906 720 sed
1968 657 2162 722 etiam
2221 657 2499 743 ineptias
2557 681 2755 742 quam

635 759 946 823 maximas
995 759 1244 824 auctori
1291 759 1531 846 dialogi
1578 759 1958 846 ascripsisse
2004 770 2293 846 apparet.

815 863 1069 928 Deinde
1117 863 1564 930 Andresenius
1622 865 1705 929 ad
1763 876 2041 949 quatuor
2099 866 2280 930 locos
2338 865 2499 931 alios
2546 875 2760 931 atten-
2809 864 2818 878 ²

635 954 889 1032 dandos
932 968 1241 1032 irritatur.

816 1070 978 1158 Cap.
1015 1074 1075 1138 8.
1122 1083 1326 1159 postr.
1362 1073 1670 1160 legimus:
1721 1074 2111 1157 „Minimum
2142 1075 2309 1139 inter
2339 1084 2439 1140 tot
2471 1098 2549 1140 ac
2581 1083 2768 1140 tanta

628 1177 853 1242 locum
899 1178 1195 1244 obtinent
1224 1181 1539 1266 imagines
1586 1202 1664 1245 ac
1708 1181 1880 1245 tituli
1926 1189 1990 1244 et
2036 1184 2332 1246 statuae“
2377 1181 2490 1246 ubi
2532 1181 2768 1246 critico

638 1294 861 1348 nostro
920 1283 1270 1369 displicent
1327 1285 1527 1350 verba
1596 1286 1807 1366 „inter
1871 1295 1973 1350 tot
2029 1308 2103 1350 ac
2162 1288 2385 1350 tanta“
2455 1287 2769 1370 quoniam

640 1410 960 1473 nusquam
1007 1389 1159 1454 alibi
1209 1400 1301 1454 tot
1332 1389 1514 1454 nullo
1548 1390 1847 1475 adposito
1879 1390 2285 1456 substantivo
2332 1390 2506 1454 idem
2550 1391 2773 1455 valeat

639 1515 718 1558 ac
789 1504 916 1558 tam
981 1499 1175 1559 multa
1242 1506 1640 1580 quapropter
1696 1499 1865 1560 inter
1929 1505 2023 1560 tot
2093 1518 2172 1561 ac
2239 1506 2422 1561 tanta
2477 1499 2772 1578 praemia

643 1597 910 1663 mavult.
1024 1600 1333 1664 Attamen
1402 1609 1470 1664 et
1538 1599 1713 1685 apud
1779 1611 2111 1666 auctorem
2179 1609 2474 1665 nostrum
2551 1609 2773 1665 exstat

646 1703 854 1785 locUS,
901 1702 1011 1768 ubi
1060 1713 1152 1768 tot
1198 1704 1337 1789 pari
1368 1703 1564 1769 modo
1597 1706 1876 1790 positum
1909 1714 2011 1770 est
2042 1728 2184 1791 cap.
2224 1705 2339 1770 39:
2388 1728 2628 1789 „quum
2672 1713 2776 1769 tot

646 1808 888 1894 pariter
949 1830 1026 1873 ac
1080 1816 1214 1873 tam
1280 1809 1535 1875 nobiles
1593 1810 1802 1876 forum
1861 1814 2272 1875 coartarent“
2342 1811 2453 1874 ubi
2509 1809 2774 1893 quidem

649 1912 1100 1978 Andresenius
1161 1917 1487 1979 auditores
1544 1915 1742 1980 inseri
1798 1914 1970 1997 vult,
2031 1925 2095 1981 et
2151 1914 2325 2000 apud
2383 1913 2774 1979 Ciceronem

648 2016 828 2083 Coel.
865 2019 968 2083 28.
1016 2018 1328 2104 legimus:
1381 2021 1530 2100 ,',An
1580 2020 1916 2102 timebant,
1964 2044 2045 2085 ne
2078 2029 2179 2084 tot
2211 2043 2431 2101 unum,
2480 2020 2775 2085 valentes

648 2121 1067 2203 imbecillum,
1115 2122 1362 2188 alacres
1409 2125 1823 2209 perterritum
1874 2147 2182 2209 superare
2240 2147 2369 2188 non
2417 2123 2772 2208 possent?“

827 2225 988 2312 Cap.
1025 2227 1129 2291 37.
1181 2227 1354 2291 inin:
1406 2230 1667 2309 „nescio
1715 2252 1796 2293 an
1828 2228 2121 2293 venerint
2159 2229 2226 2292 in
2258 2249 2487 2292 manus
2520 2236 2775 2293 vestras

564 2360 573 2367 ’
646 2330 809 2396 haec
855 2339 1098 2413 vetera,
1146 2354 1311 2416 quae
1344 2333 1456 2397 et
1438 2357 1504 2397 m
1536 2333 2047 2417 antiquariorum
2093 2331 2507 2397 bibliothecis
2556 2332 2775 2397 adhuc

614 2444 914 2502 -manent
958 2445 1024 2500 et
1069 2459 1217 2502 cum
1264 2438 1539 2502 maxime
1572 2461 1610 2503 a
1640 2438 1958 2504 Muciano
2006 2438 2477 2504 contrahuntur
2522 2460 2597 2503 ac
2635 2440 2774 2547 jam

654 2541 979 2624 undecim,
1026 2551 1100 2607 ut
1131 2543 1380 2628 opinor,
1426 2551 1721 2608 actorum
1752 2544 1935 2608 libris
1984 2552 2050 2609 et
2094 2544 2302 2608 tribus
2351 2518 2776 2628 epistularum

658 2647 1020 2731 composita
1075 2656 1141 2712 et
1186 2646 1357 2711 edita
1417 2653 1610 2712 sunt“
1672 2647 2156 2730 Andresenins‚
2211 2648 2314 2712 cui
2360 2651 2515 2713 haec
2558 2657 2779 2712 vetera

656 2775 789 2818 non
836 2751 994 2817 satis
1043 2751 1373 2838 eleganter
1415 2752 1661 2818 dictum
1707 2752 1964 2819 videtur
2009 2757 2166 2818 haec
2201 2762 2418 2818 vetera
2457 2756 2779 2817 volumina

660 2856 964 2942 postulat.

834 2958 993 3045 Cap.
1033 2962 1131 3025 10.
1165 2960 1231 3025 in
1278 2960 1630 3025 sententia.
1683 2960 1899 3045 „quod
1946 2961 2274 3047 plerisque
2310 2960 2778 3046 patrocinatur,

662 3076 972 3149 tanquam
1028 3065 1241 3130 minus
1300 3064 1655 3130 obnoxium
1714 3066 1798 3129 sit
1854 3065 2133 3131 offensae
2189 3074 2524 3150 poetarum
2584 3086 2779 3148 quam

659 3178 988 3235 oratorum
1035 3170 1366 3235 studium“
1412 3178 1567 3255 post
1592 3174 1915 3253 plerisque
1957 3169 2108 3234 addi
2139 3169 2280 3234 vult
2323 3172 2552 3251 poetis,
2603 3191 2782 3233 com-

659 3283 874 3341 motus
898 3275 1174 3341 fortasse
1186 3274 1405 3340 Nastii
1429 3274 1960 3361 interpretatione
1980 3299 1998 3339 .-
2023 3327 2051 3360 u
2067 3274 2444 3356 nornebml'icb
2472 3275 2543 3341 ba
2560 3275 2640 3340 bu
2665 3274 2779 3354 bid)

660 3381 808 3458 nicbt
864 3380 1078 3448 einmctI
1138 3380 1354 3457 baran?
1405 3382 1640 3460 betufeu
1701 3380 1918 3462 sanast,
1990 3390 2116 3446 mae
2189 3381 2335 3459 {onst
2395 3379 2486 3446 bie
2556 3379 2783 3457 meisten

661 3486 897 3565 §Dichter
945 3486 1036 3565 fiir
1081 3487 1179 3568 stef)
1227 3486 1509 3565 unfflbten
1557 3484 1833 3551 fssnnen.¹¹
1925 3484 2176 3549 Vocem
2218 3491 2434 3548 autem
2458 3474 2784 3565 plerisque

664 3590 748 3656 ad
794 3599 1022 3676 poetas
1068 3589 1475 3656 referendam
1523 3612 1664 3655 esse
1713 3597 1777 3654 et
1816 3614 1897 3654 ex
1929 3611 2315 3676 praegressa
2345 3588 2783 3673 disputatione

665 3704 732 3760 et
775 3719 856 3761 ex
900 3694 1117 3760 verbis
1166 3694 1439 3760 subinde
1488 3694 1987 3760 succedentibus
2038 3702 2379 3777 „tanquam
2414 3693 2624 3757 minus
2671 3692 2786 3757 ob-

666 3802 930 3866 noxium
977 3800 1059 3865 sit
1106 3799 1388 3866 offensae
1437 3809 1773 3885 poetarum
1832 3822 2023 3883 quam
2082 3808 2411 3863 oratorum
2459 3796 2782 3880 studium“

668 3907 826 3972 satis
883 3928 1205 3992 superque
1274 3907 1523 3989 elucet,
1594 3913 1992 3991 quapropter
2057 3902 2220 3968 illud
2277 3902 2787 3967 additamentum

667 4035 799 4076 non
846 4010 1301 4076 inculcandum
1349 4019 1466 4075 est.

846 4114 1010 4201 Cap.
1050 4118 1149 4182 10.
1242 4114 1538 4201 Aper-ab
1569 4113 1996 4179 auditoribus*
2020 4121 2085 4178 et
2111 4111 2383 4177 theatris
2415 4112 2789 4176 Maternum

672 4244 941 4294 avocare
1011 4220 1281 4286 studens
1365 4221 1460 4285 sic
1532 4219 1776 4306 pergit:
1859 4218 2052 4301 „Nec
2119 4224 2467 4281 excusatur
2542 4214 2792 4282 offensa
