3008 5000
1077 452 1469 515 -9.-

208 628 601 714 depravatio
658 628 958 692 lectionis
1017 628 1336 713 vulgatae.
1444 627 1773 691 Nimirum
1834 628 2014 711 Aper
2070 624 2342 713 Eprium

207 734 614 801 Marcellum
661 744 726 797 et
756 732 1023 797 Vibium
1057 730 1361 817 Crispum
1401 731 1675 816 gloriam
1724 754 1908 795 suam
1954 739 2343 797 consecutos

210 862 363 905 esse
411 837 573 903 dicit
616 838 758 921 ipsa
803 837 1173 920 eloquentia
1205 860 1331 901 non
1383 836 1647 917 divitiis,
1696 859 1858 920 quas
1907 836 2167 919 quidem
2215 836 2346 900 elo-

212 943 486 1027 quentia
531 942 653 1006 sibi
702 963 1110 1026 comparasse
1144 941 1517 1005 nonnemini
1550 942 1754 1005 videri
1795 942 2066 1025 possint.
2160 938 2347 1021 Quae

213 1050 543 1115 sententia
610 1047 841 1112 deletis
909 1047 1124 1111 verbis
1194 1053 1340 1128 ipsa
1402 1051 1759 1128 eloquentia
1831 1068 2100 1130 prorsus
2175 1069 2347 1109 com-

215 1163 536 1234 mutatur,
583 1175 710 1235 quo
758 1151 1038 1234 accedit,
1088 1151 1260 1235 quod
1311 1174 1670 1236 pronomen
1720 1156 1897 1231 eujus
1954 1151 2220 1235 proprie
2267 1149 2348 1213 ad

216 1256 614 1321 beneficium
675 1278 884 1338 neque
941 1255 1022 1319 ad
1085 1256 1517 1337 eloquentiam
1588 1236 1992 1319 referendum
2053 1264 2172 1318 est.
2278 1251 2350 1319 Si

219 1360 383 1425 mihi
413 1360 566 1424 licet
599 1363 1039 1445 conjecturam
1073 1360 1321 1440 afferre,
1354 1359 1769 1423 scribendum
1804 1359 2149 1436 suaserim3
2186 1380 2350 1439 „nec

222 1466 354 1529 hoc
413 1465 539 1530 illis
597 1468 861 1528 ulterius
918 1474 1018 1528 ter
1075 1464 1281 1528 milies
1350 1464 1718 1528 sestertium
1796 1467 2121 1547 praestat“
2196 1465 2237 1527 i.
2296 1487 2350 1526 e.

235 1569 414 1650 „hoc
462 1568 588 1633 illis
635 1575 931 1633 remotius
978 1577 1078 1632 ter
1108 1569 1315 1632 milies
1351 1568 1716 1632 sestertium
1758 1563 2120 1651 praestat“,
2180 1565 2355 1649 quod

228 1672 317 1737 ad
368 1673 562 1736 verba
609 1683 988 1757 antegressa
1043 1697 1216 1754 „non
1275 1672 1487 1736 minus
1536 1694 1678 1735 esse
1734 1672 1799 1734 in
1857 1671 2159 1734 extremis
2207 1694 2353 1756 par-

227 1778 409 1841 tibus
479 1786 791 1841 terrarum
867 1800 1060 1860 quam
1123 1776 1386 1861 Capuae
1446 1786 1559 1840 aut
1616 1775 1979 1840 Vercellis“
2050 1784 2353 1859 spectans

229 1881 395 1945 nihil
443 1880 617 1945 aliud
665 1882 790 1945 nisi
838 1881 1135 1946 Marcelli
1184 1891 1247 1944 et
1291 1880 1510 1966 Crispi
1567 1882 1802 1945 famam
1863 1891 2364 1963 quoquoversus

232 1985 681 2071 pervulgatam
726 1985 1068 2070 significat.

423 2086 582 2174 Cap.
649 2092 750 2153 10.
808 2090 946 2152 init.
1049 2090 1232 2174 Aper
1300 2090 1668 2174 opinionem
1739 2099 1803 2153 et
1869 2091 2106 2153 famam
2154 2111 2357 2173 aeque

240 2204 466 2279 poetas
515 2216 705 2276 quam
738 2202 1028 2258 oratores
1078 2194 1259 2276 sequi
1305 2195 1587 2258 infitians
1636 2195 1838 2257 utitur
1884 2194 2061 2258 hisce
2108 2194 2355 2259 verbis:

247 2296 552 2380 „quando
601 2298 771 2361 enim
819 2298 1288 2361 rarissimarum
1337 2285 1789 2362 recitationum
1830 2300 2001 2363 fama
2046 2301 2112 2362 in
2156 2307 2360 2362 totam

239 2402 466 2466 urbem
499 2400 883 2486 penetrat?“
975 2399 1170 2481 Quod
1206 2402 1331 2465 sibi
1375 2403 1531 2466 velit
1576 2407 2055 2467 rarissimarum
2101 2411 2361 2466 contro-

238 2531 501 2571 versum
550 2529 692 2571 esse
724 2506 1040 2587 videatur,
1087 2507 1200 2571 sed
1235 2517 1413 2571 recta
1451 2509 1646 2592 hujus
1681 2508 1976 2573 vocabuli
2013 2507 2358 2591 explicatio

240 2636 323 2675 ex
367 2612 621 2675 nomine
667 2614 843 2696 fama
901 2620 1076 2675 recte
1134 2611 1462 2675 intellecto
1523 2613 1694 2675 ultro
1755 2612 2189 2701 consequitur.
2280 2610 2362 2675 Id

241 2715 415 2780 enim
461 2714 586 2779 hoc
630 2714 774 2777 loco
810 2715 1067 2778 minime
1101 2726 1289 2778 sonat
1320 2716 1614 2779 nuntium
1652 2717 1917 2798 (Ruube)
1963 2714 2078 2779 sed
2125 2716 2359 2778 famam

243 2819 515 2883 eandem
562 2841 640 2882 ac
696 2818 888 2882 modo
938 2828 1386 2899 memoratam,
1446 2821 1550 2883 cui
1598 2821 1720 2884 soli
1780 2831 2013 2904 poetae
2075 2821 2361 2885 serviant

243 2934 311 2987 et
355 2922 530 3005 quod
576 2945 773 2986 unum
821 2944 963 2988 esse
1009 2924 1288 3008 pretium
1337 2924 1546 2989 omnis
1595 2926 1697 2988 sui
1742 2924 1984 2989 laboris
2015 2925 2359 2991 fateantur.

242 3025 528 3090 Proinde
575 3031 1054 3090 rarissimarum
1100 3050 1227 3092 non
1276 3036 1374 3091 est
1404 3031 1883 3110 vilissimarum,
1930 3028 2156 3111 quales
2204 3051 2359 3092 sane

246 3132 656 3196 recitationes
718 3154 1090 3196 communes
1148 3132 1445 3198 solebant
1499 3155 1677 3214 esse,
1737 3133 1851 3198 sed
1911 3136 2365 3198 excellentissi-
2447 3216 2468 3223 “

243 3257 514 3318 marum,
575 3244 647 3299 ut
691 3235 854 3300 haec
901 3234 1134 3300 evadat
1193 3237 1541 3301 sententia:
1602 3255 1774 3303 manu
1833 3238 2030 3323 -Drinqt
2076 3241 2224 3304 benn
2274 3239 2364 3304 ein

245 3342 375 3418 {Ruf
439 3358 551 3407 non
624 3343 729 3406 beu
809 3343 1346 3425 aussqegeicbuetften
1413 3343 1820 3427 Qorlefungen
1899 3343 1960 3408 in
2031 3343 2123 3408 bie
2190 3361 2365 3428 gange

246 3445 484 3512 ctam?
577 3441 765 3524 Quae
797 3443 1103 3530 adjectivi
1146 3467 1337 3509 rarus
1372 3445 1758 3531 significatio
1791 3468 1921 3510 non
1953 3447 2160 3511 solum
2193 3446 2368 3531 apud

248 3547 558 3615 Ovidium
618 3548 805 3615 Pont.
852 3549 940 3631 II,
1002 3550 1065 3630 3,
1123 3552 1240 3614 55:
1314 3549 1628 3632 „Scilicet
1684 3549 2058 3636 indignum,
2108 3553 2368 3638 juvenis

245 3655 594 3734 rarissime,
651 3653 835 3718 ducis
881 3663 946 3718 te
993 3653 1134 3718 fieri
1183 3657 1485 3720 comitem
1534 3656 1764 3739 stantis
1819 3657 1885 3720 in
1933 3656 2089 3721 orbe
2135 3656 2359 3721 Deae“

250 3767 315 3822 et
358 3757 519 3823 Met.
568 3756 765 3839 XIV,
799 3758 956 3822 337:
1010 3758 1226 3840 „Rara
1273 3759 1534 3843 quidem
1582 3761 1769 3843 facie,
1817 3761 1929 3825 sed
1979 3761 2185 3825 rarior
2231 3770 2367 3826 arte

250 3862 588 3943 canendi‚“
639 3861 810 3926 sicut
853 3863 1030 3947 apud
1075 3863 1491 3949 Propertium
1540 3865 1610 3946 I,
1663 3869 1773 3946 17,
1836 3869 1944 3930 16:
2007 3863 2367 3948 „Quamvis

251 3964 428 4048 dura,
476 3976 690 4031 tamen
737 3991 884 4030 rara
929 3969 1146 4052 puella
1191 3970 1373 4052 fuit‚“
1424 3993 1649 4034 verum
1710 3971 1899 4034 etiam
1949 3971 2125 4055 apud
2169 3971 2370 4037 Sene-

252 4092 387 4134 cam
448 4068 760 4136 Controv.
822 4072 955 4154 IV,
1020 4075 1134 4138 28:
1209 4075 1443 4155 „homo
1504 4075 1848 4157 rarissimi,
1918 4076 2168 4140 etiamsi
2239 4100 2368 4141 non

255 4175 749 4241 emendatissimi
818 4177 1104 4260 ingenii“
1180 4179 1518 4262 reperitur.
1634 4178 2083 4244 Andresenius
2153 4196 2368 4248 autem
