3008 5000
1421 451 1860 531 ...36-

571 639 640 704 in
696 640 884 705 tertia
939 642 1295 728 genitivum
1346 645 1959 707 adolescentulorum
2019 642 2360 729 perspicue
2406 643 2700 710 additum

572 745 962 828 invenimuS,
1023 754 1213 811 antea
1260 769 1406 810 eum
1455 746 1719 830 quidem
1782 771 1864 811 ex
1917 748 2075 834 ipsis
2123 748 2317 813 dictis
2372 749 2528 814 satis
2585 772 2697 835 pa-

570 858 814 914 tentem
860 849 1138 935 ideoque
1184 874 1314 915 non
1361 853 1939 936 pernecessarium.

749 951 913 1039 Cap.
951 955 1054 1020 30.
1105 956 1168 1018 in
1203 956 1558 1019 sententia:
1610 956 1745 1037 „ita
1776 956 1969 1041 enim,
2015 958 2244 1043 optimi
2294 958 2435 1040 viri,
2481 958 2574 1021 ita
2619 980 2697 1022 ex

568 1059 773 1124 multa
834 1059 1194 1125 eruditione
1264 1068 1330 1124 et
1384 1060 1681 1144 plurimis
1750 1061 1997 1127 artibus
2045 1071 2109 1126 et
2153 1063 2435 1127 omnium
2480 1086 2696 1127 rerum

568 1164 836 1229 scientia
883 1164 1167 1230 exundat
1215 1173 1279 1229 et
1324 1164 1633 1230 exuberat
1676 1165 1800 1230 ista
1846 1166 2245 1233 admirabilis
2293 1168 2691 1261 eloquentia3

566 1293 774 1355 neque
822 1272 1094 1336 oratoris
1153 1270 1250 1335 vis
1309 1293 1385 1335 ac
1444 1270 1758 1353 facultas,
1816 1272 1986 1337 sicut
2045 1282 2406 1337 ceterarum
2454 1296 2695 1353 rerum,

566 1376 862 1461 angustis
908 1386 973 1440 et
1018 1374 1323 1440 brevibus
1370 1374 1662 1441 terminis
1712 1376 2014 1458 cluditur,
2060 1376 2177 1442 sed
2222 1379 2278 1442 is
2311 1385 2409 1442 est
2453 1387 2693 1459 orator,

567 1480 722 1563 qui“
797 1490 921 1547 cet.
990 1479 1556 1545 vehementissime
1624 1479 1931 1565 reprobat
1990 1480 2441 1547 Andresenius
2497 1481 2696 1546 verba

565 1604 760 1666 neque
832 1587 1117 1650 oratoris
1183 1589 1282 1648 vis
1354 1606 1432 1649 ac
1488 1588 1775 1667 facultas
1840 1590 2006 1650 sicut
2079 1597 2430 1651 ceterarum
2488 1610 2694 1651 rerum

565 1710 812 1775 negans
859 1689 1118 1773 quidem
1152 1697 1328 1754 recte
1375 1698 1440 1754 et
1485 1690 1721 1753 rationi
1756 1691 2210 1755 convenienter
2256 1692 2530 1756 oratoris
2563 1692 2691 1755 vim

565 1816 642 1858 ac
672 1794 1052 1860 facultatem
1085 1817 1232 1859 cum
1279 1804 1644 1859 ceterarum
1684 1818 1900 1860 rerum
1946 1796 2011 1860 vi
2056 1819 2134 1861 ac
2182 1797 2509 1877 facultate,
2557 1797 2692 1862 sive

570 1900 747 1983 quod
795 1900 1024 1965 eodem
1070 1900 1327 1980 redeat,
1385 1908 1711 1964 oratorem
1770 1922 1916 1965 cum
1978 1902 2211 1967 ceteris
2268 1901 2465 1966 rebus
2515 1924 2689 1966 com-

565 2006 801 2089 parari,
847 2005 1032 2089 quasi
1081 2013 1299 2071 orator
1344 2006 1408 2068 in
1456 2028 1709 2087 rerum,
1755 2029 1887 2070 non
1932 2006 1995 2069 in
2045 2005 2375 2070 hominum
2422 2029 2690 2070 numero

564 2107 897 2175 habendus
944 2111 1059 2186 sit3
1125 2109 1357 2174 deinde
1402 2110 1902 2175 incertissimam
1964 2111 2257 2195 adeoque
2317 2134 2689 2197 perversam

566 2216 896 2280 notionem
968 2215 1136 2279 effici
1205 2214 1421 2279 verbis
1470 2227 1815 2280 ceterarum
1862 2238 2069 2279 rerum
2112 2222 2212 2281 vis
2255 2239 2339 2292 ,ac
2380 2220 2688 2297 facultas,

565 2328 876 2403 tanquam
922 2320 1000 2384 iis
1049 2320 1371 2401 omnibus,
1431 2343 1594 2404 quae
1644 2329 1899 2385 exstent
1934 2330 2192 2406 praeter
2224 2322 2687 2405 eloquentiam,

563 2424 660 2489 vis
708 2447 785 2489 ac
829 2424 1106 2489 facultas
1141 2423 1357 2510 aliqua
1402 2434 1578 2490 recte
1608 2426 1949 2490 tribuatur.
2041 2426 2247 2491 Immo
2295 2426 2424 2490 vim
2472 2449 2550 2491 ac
2594 2427 2688 2491 fa-

563 2531 867 2596 cultatem
919 2554 1137 2596 eorum
1194 2539 1444 2596 tantum
1503 2553 1679 2613 esse,
1737 2554 1901 2615 quae
1960 2531 2039 2596 ab
2087 2532 2457 2597 hominibus
2507 2556 2688 2597 exer-

570 2642 860 2716 ceantur,
907 2636 1045 2699 scil.
1078 2635 1330 2700 artium.
1429 2632 1761 2715 Quocirca
1793 2637 2126 2720 proponit:
2173 2658 2370 2718 neque
2402 2641 2689 2702 oratoris

566 2743 665 2804 vis
715 2762 792 2803 ac
836 2743 1146 2821 facultas,
1190 2744 1357 2803 sicut
1417 2750 1765 2804 ceterarum
1824 2745 2057 2804 artium
2112 2753 2421 2807 certarum
2482 2765 2688 2806 rerum

562 2849 855 2927 anqustis
904 2856 964 2909 et
998 2849 1292 2910 brevibus
1328 2850 1616 2910 terminis
1651 2848 1968 2910 clauditur
2016 2847 2139 2929 vel,
2185 2847 2463 2912 fortasse
2510 2846 2687 2931 quod

562 2949 754 3032 vidit,
824 2949 1099 3014 eundem
1156 2951 1223 3014 in
1282 2950 1382 3014 his
1451 2948 1665 3014 verbis
1724 2971 1916 3033 quem
1977 2953 2043 3014 in
2103 2951 2430 3036 scriptura
2493 2950 2685 3018 codd.

564 3052 944 3139 scrupulum
991 3053 1276 3119 residere
1323 3075 1520 3136 neque
1568 3058 1852 3118 oratoris
1900 3058 1998 3119 vis
2047 3076 2126 3119 ac
2169 3058 2472 3137 facultas,
2517 3060 2683 3120 sicut

565 3169 810 3223 ceterae
857 3170 1055 3238 artes,
1109 3170 1422 3224 certarum
1482 3182 1689 3224 rerum
1736 3162 2029 3224 brevibus
2088 3170 2148 3224 et
2204 3165 2496 3242 anqustis
2560 3171 2685 3225 ter-

560 3266 747 3328 minis
799 3267 1134 3329 clauditur.
1228 3263 1384 3327 Non
1432 3272 1609 3329 recte
1671 3264 1827 3330 solis
1886 3264 2133 3330 artibus
2182 3265 2311 3329 vim
2359 3287 2436 3329 ac
2481 3265 2685 3330 facul-

518 3377 757 3433 'tatem
839 3368 1167 3433 vindicare
1204 3412 1207 3413 ν
1245 3366 1677 3452 omnibusque
1743 3366 1937 3433 rebus
2008 3369 2241 3434 ceteris
2311 3369 2683 3453 abjudicare

559 3471 843 3554 studuit,
886 3471 1226 3536 immemor
1273 3471 1557 3535 omnium
1604 3470 2217 3538 medicamentorum
2278 3495 2356 3537 ac
2399 3473 2684 3558 permul-

557 3585 770 3641 tarum
816 3599 1031 3641 rerum
1078 3575 1364 3640 aliarum.
1457 3574 1892 3659 Nequaquam
1929 3600 2077 3641 vero
2123 3577 2394 3642 oratoris
2427 3578 2557 3641 vim
2604 3600 2682 3642 ac

557 3681 931 3746 facultatem
979 3701 1128 3744 cum
1175 3702 1390 3745 rerum
1423 3678 1670 3745 viribus
1717 3702 1795 3745 ac
1839 3681 2256 3747 facultatibus
2289 3681 2682 3747 contendere

558 3786 732 3868 licet,
778 3784 1158 3870 praesertim
1207 3806 1367 3848 voce
1417 3794 1767 3849 ceterarum
1811 3785 2133 3871 apposita,
2182 3807 2308 3869 qua
2354 3796 2570 3851 orator
2616 3787 2684 3852 in

559 3914 897 3955 numerum
944 3912 1158 3953 rerum
1206 3889 1545 3976 redigitur.
1637 3889 1986 3956 Praeterea
2043 3913 2358 3975 quaenam
2416 3891 2681 3956 tandem

557 3996 690 4061 sint
730 3995 895 4060 istae
943 4004 1195 4060 ceterae
1254 4016 1356 4060 res
1402 4016 1551 4059 cum
1599 4004 1853 4059 oratore
1899 4018 2202 4081 perverse
2250 3995 2556 4078 collatae,
2611 3995 2683 4060 id

559 4123 751 4165 nemo
785 4098 1107 4186 expiscari
1139 4110 1351 4184 queat.
1432 4099 1633 4166 Unde
1667 4100 1866 4165 verba
1896 4104 2061 4166 sicut
2092 4110 2444 4165 ceterarum
2473 4123 2683 4165 rerum

555 4228 687 4269 non
742 4204 947 4291 ipsius
1007 4205 1344 4291 scriptoris
1401 4204 1517 4271 sed
1576 4204 1796 4270 stolidi
1855 4204 2189 4292 cujusdam
2236 4203 2482 4271 librarii
2531 4229 2677 4271 esse
