3008 5000
1453 451 1889 517 „28-

607 625 928 692 artissime
975 630 1357 715 conjunctae
1406 628 1599 694 simul
1643 630 1811 694 inter
1856 653 1925 695 se
1973 629 2313 715 oppositae
2373 651 2490 694 seu
2538 628 2729 694 simul

609 730 972 850 disjunctae
1020 756 1161 798 esse
1220 733 1519 820 possint?
1580 733 1805 799 Priore
1865 734 2085 819 potius
2145 734 2467 799 sententia
2527 734 2733 817 „haec

607 837 676 901 in
721 836 878 922 ipsis
926 836 1264 903 auditoriis
1310 838 1657 924 praecipue
1703 837 1997 903 laudari“
2047 837 2293 904 dictum
2338 838 2733 905 antecedens

613 941 809 1024 „hinc
853 943 1134 1029 ingentis
1182 948 1532 1010 assensus“
1601 944 2019 1029 explanatur,
2083 944 2392 1029 quocirca
2448 956 2510 1011 et
2554 945 2735 1011 nullo

611 1055 805 1133 pacto
854 1047 1340 1113 intrudendum.
1389 1087 1471 1098 -—

788 1151 1025 1217 Itidem
1072 1175 1215 1239 cap.
1254 1156 1371 1219 21·
1421 1176 1544 1236 „ac
1574 1154 1924 1240 praecipue
1956 1153 2245 1220 secunda
2268 1178 2348 1221 ex
2378 1154 2458 1220 iis
2492 1155 2736 1234 oratio;

534 1331 535 1334 Ἴ
614 1266 714 1323 est
770 1257 940 1322 enim
998 1258 1214 1324 verbis
1272 1268 1498 1324 ornata
1569 1267 1633 1323 et
1686 1258 2057 1342 sententiis,
2127 1259 2392 1325 auribus
2437 1259 2737 1347 judicum

616 1362 1153 1429 accommodata“
1201 1364 1580 1429 emendator
1623 1374 1845 1430 noster
1874 1365 2006 1452 legi
2050 1366 2217 1430 vultz
2269 1374 2415 1448 „est
2462 1366 2630 1430 enim
2679 1375 2740 1430 et

615 1468 831 1534 verbis
899 1477 1127 1533 ornata
1194 1477 1259 1533 et
1325 1467 1686 1534 sententiis.
1798 1469 1901 1534 Ita
1968 1469 2228 1553 quidem
2301 1469 2432 1535 dici
2499 1478 2740 1556 potest,

617 1595 826 1657 neque
857 1582 1072 1638 tamen
1122 1572 1333 1639 debet.
1425 1572 1558 1640 Sed
1607 1597 1725 1639 nos
1789 1572 1873 1637 ad
1920 1574 2216 1639 lacunam
2266 1585 2744 1656 convertamuS,

617 1678 700 1744 de
747 1701 876 1763 qua
921 1687 1069 1743 ante
1117 1680 1518 1744 enuntiatum
1568 1679 1962 1762 tolle'iqitur
2008 1688 2130 1745 cet.
2181 1678 2438 1745 detecta
2486 1679 2744 1745 Andre·

623 1784 843 1849 senius
891 1783 1168 1868 plurima
1200 1783 1396 1849 verba
1440 1783 1682 1848 frustra
1712 1784 1891 1865 facit,
1938 1784 2038 1849 vel
2086 1785 2325 1850 haecce
2354 1785 2456 1849 vel
2508 1783 2742 1849 similia

618 1888 1026 1954 intercidisse
1074 1889 1381 1975 opinans:
1430 1892 1599 1966 „sed
1644 1911 1716 1954 eo
1762 1891 2026 1970 facilius
2061 1892 2148 1953 ad
2192 1911 2378 1954 aures
2424 1892 2746 1971 princi-pis

616 1996 1140 2076 permanabunt.“
1230 1991 1477 2076 Ecquis
1509 2016 1663 2058 vero
1709 1993 1865 2058 talia
1893 2016 2179 2077 unquam
2228 1992 2540 2079 recipiat?
2634 1994 2747 2057 An

625 2121 702 2163 ea
747 2120 909 2183 quae
955 2097 1478 2184 probabilitatem
1536 2120 1659 2163 nec
1704 2098 2024 2163 internam
2084 2122 2205 2164 nec
2252 2109 2586 2162 externam
2631 2098 2751 2163 ha-

620 2203 800 2284 bent,
847 2226 975 2267 non
1020 2225 1196 2268 mera
1241 2209 1395 2267 sunt
1440 2212 1826 2284 commenta,
1874 2202 2109 2287 quibus
2144 2202 2355 2266 oleum
2390 2211 2456 2266 et
2487 2226 2752 2288 operam

623 2307 1004 2395 perdimus?
1094 2307 1250 2372 Huc
1309 2306 1595 2388 accedit,
1653 2305 1830 2392 quod
1886 2308 1994 2372 hic
2048 2307 2233 2373 locus
2294 2307 2557 2373 omnino
2616 2331 2751 2372 non

629 2422 729 2478 est
776 2435 1062 2479 mancus.
1151 2413 1509 2497 Postquam
1559 2414 1728 2478 enim
1762 2413 1946 2498 Aper
1991 2412 2073 2478 de
2106 2412 2392 2478 offensae
2434 2413 2754 2499 pericu10,

630 2519 805 2605 quod
854 2521 1196 2586 Maternus
1244 2520 1534 2602 subierit,
1585 2519 1879 2605 pluribus
1943 2518 2281 2601 disseruit,
2340 2542 2487 2584 eum
2534 2518 2756 2584 verbis

629 2628 776 2689 hinc
803 2629 1080 2708 inqentis
1112 2647 1417 2690 assensus
1467 2635 1594 2691 cet.
1643 2623 1875 2708 quibus
1922 2622 2094 2689 idem
2141 2646 2209 2688 se
2241 2632 2530 2705 excuset,
2578 2622 2760 2706 quod

631 2727 953 2795 Catonem
998 2729 1374 2818 tragoediae
1421 2752 1768 2816 personam
1816 2729 2116 2816 elegerit,
2164 2716 2367 2794 'modo
2414 2727 2759 2793 recondito

633 2834 1133 2922 respondentem
1178 2835 1356 2901 facit.
1451 2833 1602 2916 Quo
1648 2835 1823 2899 facto
1872 2835 2056 2920 Aper
2100 2834 2313 2899 verbis
2360 2837 2510 2898 tolle
2556 2837 2763 2917 ἐρίων

635 2948 757 3006 cet.
816 2939 902 3005 ad
961 2962 1151 3005 suum
1219 2939 1390 3004 redit
1449 2939 1890 3025 propositum,
1959 2950 2032 3002 ut
2077 2938 2451 3005 Maternum
2497 2936 2578 3001 ad
2627 2936 2763 3001 elo-

636 3045 964 3131 quentiam
1010 3054 1292 3111 revocet.

814 3148 978 3237 Cap.
1041 3154 1141 3216 14.
1245 3149 1598 3216 Messallae
1669 3147 2041 3213 cubiculum
2108 3146 2394 3213 Materni
2461 3146 2764 3232 ingresso

638 3257 1094 3343 suspicatoque
1142 3280 1212 3323 se
1258 3257 1550 3320 altiorem
1597 3277 1962 3321 sermonem
2006 3252 2465 3339 interrupisse,
2512 3250 2767 3318 Secun-

639 3361 800 3429 dus:
844 3361 1197 3445 „Minime,
1242 3361 1540 3442 minime,
1598 3359 1841 3444 inquit,
1899 3367 2091 3443 atque
2138 3357 2304 3423 adeo
2350 3357 2582 3422 vellem
2629 3378 2768 3421 ma-

638 3468 847 3534 turius
894 3467 1373 3533 intervenisses.
1463 3466 1880 3531 Delectasset
1922 3465 2092 3528 enim
2138 3472 2202 3528 te
2248 3471 2315 3528 et
2344 3462 2512 3548 Apri
2558 3460 2769 3527 nostri

642 3572 1167 3639 accuratissimus
1192 3593 1428 3654 serm0‚
1460 3593 1661 3655 quum
1685 3571 2081 3649 Maternum,
2111 3575 2184 3633 ut
2214 3591 2402 3632 omne
2433 3567 2771 3654 ingenium

644 3700 721 3742 ac
767 3676 1053 3743 studium
1099 3700 1287 3743 suum
1334 3676 1418 3741 ad
1466 3698 1696 3741 causas
1740 3674 2027 3761 agendas
2062 3681 2490 3756 converteret,
2536 3672 2771 3738 exhor-

644 3792 817 3850 tatus
866 3793 1000 3864 est3
1049 3793 1113 3848 et
1157 3782 1448 3848 Materni
1495 3805 1617 3868 pro
1665 3780 2057 3846 carminibus
2118 3779 2253 3844 suis
2310 3778 2513 3861 laeta,
2569 3785 2771 3862 utque

646 3899 874 3977 poetas
946 3887 1204 3953 defendi
1266 3886 1561 3970 decebat,
1631 3884 1974 3951 audentior
2043 3892 2107 3951 et
2172 3892 2506 3970 poetarum
2576 3904 2773 3966 quam

648 4005 975 4062 oratorum
1007 3994 1278 4060 similior
1309 3994 1586 4059 orati0.“
1677 3989 1803 4058 Cui
1849 3989 2204 4078 respondet
2228 3988 2576 4054 Messalla:
2626 4009 2774 4070 „me

648 4123 806 4168 vero
854 4110 918 4166 et
962 4122 1175 4166 sermo
1222 4104 1363 4183 ipse
1407 4098 1662 4164 infinita
1704 4097 2043 4184 voluptate
2102 4093 2424 4160 affecisset
2467 4100 2660 4177 atque
2704 4090 2776 4156 id

647 4208 865 4298 ipsum
895 4204 1226 4273 delectat“
1258 4213 1382 4270 c'et.
1473 4203 1609 4269 Hic
1639 4203 1938 4269 lacunam
1971 4208 2295 4287 repertam
2327 4196 2775 4265 Andresenius
