3008 5000
1091 479 1528 548 ...21—

249 656 675 742 produceret,
736 656 1083 743 pluresque
1136 655 1240 721 vel
1301 666 1475 723 certe
1533 657 1805 723 totidem
1852 659 2250 741 nominaret,
2298 683 2378 724 ex

249 761 489 845 quibus
547 761 743 826 alium
792 759 1123 844 Ciceroni,
1179 761 1377 826 alium
1426 759 1723 846 Caesari,
1785 763 2057 850 singulis
2118 765 2378 830 demum

249 866 549 954 singulos
626 888 1123 952 opponeremus.
1245 866 1447 931 Nunc
1527 866 1924 933 detrectasse
1996 869 2378 934 nominatim

249 972 556 1056 antiquos
602 981 893 1036 oratores
940 979 1317 1054 contentus,
1364 972 1687 1038 neminem
1735 975 2146 1057 sequentium
2192 974 2378 1039 laud·-

249 1098 362 1141 are
411 1097 607 1141 ausus
656 1084 778 1158 est,
825 1075 951 1141 nisi
999 1076 1066 1139 in
1113 1075 1449 1161 publicum
1499 1088 1562 1142 et
1600 1078 1667 1142 in
1699 1099 2066 1159 commune,
2111 1080 2378 1162 veritus,

251 1181 488 1263 cred0,
556 1205 638 1247 ne
712 1181 952 1246 multos
1022 1180 1418 1264 offenderet,
1487 1183 1543 1248 si
1613 1206 1863 1268 paucos
1922 1184 2376 1269 excerpsisset.

253 1284 516 1368 Quotus
577 1287 750 1352 enim
808 1287 1673 1371 quisque.scholasticorum
1720 1311 1850 1352 non
1898 1290 2019 1353 hac
2068 1313 2185 1354 sua
2232 1313 2378 1374 per-

251 1392 555 1458 suasione
613 1393 883 1475 fruitur,
953 1402 1027 1456 ut
1081 1415 1152 1458 se
1210 1404 1360 1458 ante
1420 1391 1807 1459 Ciceronem
1867 1405 2196 1476 numeret,
2261 1396 2377 1460 sed

250 1497 446 1581 plane
492 1505 645 1582 post
677 1495 1113 1563 Gabinianum
1131 1495 1200 1560 ?“
1249 1496 1580 1566 Hocloco
1619 1497 2069 1562 Andresenius
2104 1498 2378 1581 dubitat,

251 1609 474 1665 utrum
520 1602 586 1666 in
634 1601 898 1666 modum
944 1600 1370 1688 intelligenda
1416 1602 1548 1666 sint
1594 1602 1790 1666 verba
1836 1605 1952 1666 sed
1990 1607 2184 1684 plane
2224 1597 2378 1685 post

256 1709 699 1789 Gabinianum,
745 1730 899 1771 num
951 1715 1063 1789 „ut
1108 1730 1177 1772 se
1212 1715 1359 1772 ante
1394 1705 1780 1772 Ciceronem
1815 1717 2130 1790 numeret,
2178 1732 2377 1792 quum

255 1811 343 1876 sit
389 1811 581 1897 plane
627 1821 777 1896 post
825 1811 1264 1878 Gabinianum
1311 1811 1776 1894 numerandus,
1825 1813 2090 1892 mdbrcnb
2144 1833 2198 1877 et
2246 1817 2375 1890 bod)

253 1917 389 1982 meit
435 1917 623 1994 bintet
670 1920 795 1983 bem
828 1917 1135 1984 (hubinian
1185 1937 1248 2003 511
1301 1920 1485 1996 stebcn
1537 1918 1780 1983 fmumt“
1832 1941 1997 2001 quae
2046 1919 2129 1981 sit
2161 1919 2376 1982 versio

255 2020 786 2107 Nastii-primum
819 2033 1035 2085 autem
1069 2021 1171 2086 ed.
1202 2022 1466 2106 Bipont.
1503 2023 1856 2086 enarravit:
1895 2045 2131 2105 „quum
2165 2032 2378 2087 tamen

255 2125 448 2211 plane
504 2134 658 2210 post
716 2123 1157 2190 Gabinianum
1216 2126 1353 2190 sit“
1420 2163 1493 2172 -·-
1557 2148 1639 2189 an
1703 2135 1828 2207 „ut
1874 2149 1942 2190 se
1991 2127 2180 2210 plane
2227 2137 2382 2212 post

258 2228 699 2296 Gabinianum
748 2239 1068 2313 numeret,
1119 2229 1234 2294 sed
1283 2240 1430 2295 ante
1479 2228 1885 2312 Ciceronem,
1933 2231 1974 2294 i.
2024 2253 2077 2295 e.
2128 2239 2199 2295 ut
2246 2229 2381 2296 Ga-

256 2334 520 2400 biniano
568 2334 834 2419 quidem
878 2335 1248 2401 inferiorem
1296 2357 1366 2400 se
1413 2334 1671 2417 habeat,
1729 2335 1846 2399 sed
1895 2333 2201 2401 Ciceroni
2247 2361 2379 2402 non

257 2438 468 2506 solum
515 2464 760 2526 parem,
808 2463 1033 2505 verum
1080 2441 1272 2505 etiam
1331 2441 1774 2525 superiorem“
1832 2480 1903 2491 -—
1958 2422 2086 2525 qua
2133 2442 2379 2508 ratione

257 2545 663 2631 interpretati
720 2556 870 2611 sunt
927 2545 1314 2628 Schulzius,
1377 2543 1701 2627 OrelliuS,
1760 2543 2091 2612 Osanuus.
2196 2548 2378 2634 Ergo

260 2648 668 2717 Gabinianus
737 2675 817 2717 ex
885 2652 1188 2737 opinione
1253 2651 1791 2717 scholasticorum
1851 2675 2017 2716 unus
2074 2654 2380 2735 omnium,

261 2765 578 2842 quotquot
623 2757 902 2840 fuerunt,
948 2765 1276 2822 oratorum
1325 2756 1773 2822 Romanorum
1819 2757 2012 2844 longe
2062 2759 2381 2824 excellen-

260 2861 546 2927 tissimus
614 2862 840 2944 fuerit,
908 2862 1085 2946 quod
1146 2861 1398 2944 credat,
1456 2863 1568 2946 qui
1628 2862 1801 2926 velit.
1924 2862 2132 2926 Iidem
2189 2864 2380 2929 etiam

263 2975 588 3048 oratores,
646 2989 920 3050 quorum
968 2968 1241 3051 quisque
1290 2989 1359 3032 se
1407 2966 1872 3052 superbissime
1919 2976 2067 3031 aute
2115 2965 2382 3032 Cicero-

262 3096 408 3137 nem
454 3074 835 3138 numerabat
880 3072 1129 3157 sibique
1176 3074 1376 3159 igitur
1423 3072 1508 3137 ad
1553 3072 1818 3137 modum
1865 3081 2200 3158 poetarum
2249 3072 2382 3138 Ro-

263 3200 598 3242 manorum
644 3177 784 3262 ipse
831 3178 1111 3263 optimus
1156 3178 1524 3259 videbatur,
1571 3200 1713 3243 sese
1760 3178 1952 3262 plane
1995 3187 2145 3262 post
2178 3177 2381 3242 Gabi-

265 3281 527 3347 nianum
560 3281 984 3348 demisissime
1018 3283 1520 3364 numeraverint,
1554 3291 1876 3347 oratorem
1906 3283 2086 3347 illum
2121 3282 2381 3365 quidem

266 3386 527 3452 omnino
582 3394 713 3451 tam
774 3388 1104 3473 ignotum,
1159 3395 1233 3450 ut
1293 3389 1431 3472 ejus
1470 3389 1609 3472 jam
1658 3384 2098 3468 Quintilianus
2146 3387 2268 3472 (X,
2323 3390 2379 3470 1,

272 3493 643 3573 116—122)
691 3491 933 3555 nullam
977 3491 1208 3556 fecerit
1253 3491 1676 3573 mentionem,
1725 3491 1897 3555 unde
1945 3490 2220 3555 eundem
2266 3515 2384 3577 po-

266 3597 393 3662 tius
451 3597 774 3662 rhetorem
833 3595 1182 3661 admodum
1241 3596 1635 3662 mediocrem
1696 3598 1895 3662 fuisse
1944 3598 2101 3661 satis
2148 3595 2383 3679 elucet,

269 3724 395 3787 quo
443 3724 644 3785 quum
691 3701 1064 3766 scholastici
1111 3701 1303 3765 etiam
1352 3701 1558 3765 multo
1608 3700 1943 3765 inferiores
1984 3710 2222 3783 essent,
2269 3724 2381 3766 eos

268 3829 534 3873 necesse
582 3814 680 3871 est
724 3814 1014 3871 oratores
1060 3806 1313 3871 infimos
1360 3807 1581 3871 fuisse.
1675 3805 2121 3870 Nihilominus
2168 3814 2384 3870 tamen

271 3933 340 3977 se
370 3908 689 3976 Cicerone
736 3910 1106 3996 superiores
1139 3908 1487 3993 ducebant,
1536 3933 1700 3995 quae
1731 3933 1984 3977 summa
2016 3912 2386 3996 arrogantia

271 4039 310 4080 a
366 4014 681 4082 Messalla
744 4024 920 4080 recte
978 4037 1054 4080 ac
1116 4016 1346 4080 merito
1409 4023 1688 4080 notatur.
1794 4012 1983 4097 Quae
2042 4038 2240 4099 quum
2294 4016 2385 4081 ita

272 4121 421 4205 sint,
467 4129 615 4207 post
658 4144 893 4186 nomen
927 4122 1348 4186 Gabinianum
1391 4120 1769 4186 inusitatum
1815 4120 2224 4207 participium
2274 4142 2383 4185 ens

277 4225 577 4312 supplere
624 4226 935 4293 debemus
982 4233 1056 4290 ut
1100 4224 1335 4293 evadat
1380 4226 1733 4291 sententia:
1794 4224 1964 4308 „sed
2007 4226 2202 4314 longe
2249 4223 2378 4291 Ga-
