3008 5000
1417 446 1847 519 ..20-

577 649 614 691 a
672 644 998 711 quoquam
1055 626 1453 712 improbata,
1514 627 1807 711 quamvis
1866 627 1975 692 hic
2029 649 2220 711 ayerc
2266 622 2456 693 etiam
2503 627 2696 714 plane

577 731 751 796 idem
807 732 1023 796 valeat
1082 740 1276 815 atque
1336 753 1680 810 accusare,
1747 731 2291 816 quemadmodum
2342 733 2409 798 in
2466 732 2698 798 dictio·

575 834 768 900 nibus
817 839 1085 918 aliquem
1127 839 1290 918 furti
1334 835 1439 900 vel
1483 839 1864 918 injuriarum
1908 858 2117 920 aqere.

751 938 913 1026 Cap.
955 942 1058 1004 39.
1109 950 1269 1006 extr.
1315 964 1433 1026 pro
1480 942 1727 1007 verbis=
1778 943 2036 1026 „itaque
2080 941 2342 1007 hercule
2374 941 2695 1029 ejusmodi

574 1043 723 1108 libri
772 1054 1051 1126 exstant,
1097 1053 1170 1109 ut
1215 1045 1340 1129 ipsi
1387 1066 1667 1128 quoque,
1714 1046 1825 1130 qui
1857 1056 2118 1128 eyerunt
2146 1070 2276 1111 non
2308 1046 2450 1111 aliis
2483 1047 2696 1133 magis

576 1148 976 1214 orationibus
1024 1152 1466 1230 censeantur“,
1530 1149 1770 1234 quippe
1818 1171 1983 1233 quae
2029 1149 2302 1236 intelligi
2347 1157 2693 1234 nequeant,

575 1253 1026 1318 Andresenius
1096 1253 1436 1340 proponit:
1511 1255 1781 1337 „itaque
1848 1253 2114 1320 hercule
2173 1253 2492 1340 ejusmodi
2544 1254 2697 1319 libri

575 1365 859 1435 exstant,
917 1366 988 1421 ut
1043 1357 1171 1442 ipsi
1227 1379 1524 1441 quoque,
1580 1357 1692 1440 qui
1751 1360 2065 1440 leyerunt,
2118 1381 2249 1422 non
2296 1358 2438 1422 aliis
2486 1357 2693 1444 magis

577 1462 982 1526 orationibus
1044 1466 1461 1545 accedantur,
1522 1465 1697 1542 babet
1754 1463 1910 1547 gicht
1965 1473 2027 1529 ess
2088 1466 2220 1542 cnud)
2281 1463 2340 1529 in
2399 1463 2496 1529 ber
2540 1464 2697 1545 Zbat

573 1571 706 1643 nod)
770 1569 931 1643 beute
978 1568 1210 1648 ffleben,
1273 1568 1364 1632 bie
1422 1569 1519 1632 bet
1566 1571 1675 1634 ‘llrt
1730 1569 1885 1649 finb,
1949 1567 2061 1643 ba&
2124 1569 2284 1645 felbst
2348 1567 2693 1652 biejenigen,

575 1674 768 1749 melche
829 1675 900 1750 fic
956 1691 1067 1738 nur
1126 1673 1341 1756 gelefen
1405 1674 1617 1752 buben,
1683 1675 1846 1751 butd)
1906 1673 2057 1739 feine
2113 1674 2330 1739 unbem
2383 1673 2581 1739 {Heben
2629 1673 2693 1739 in

575 1778 805 1859 bsslmm
886 1777 1087 1843 &tabe
1171 1777 1508 1862 bingetiffcu
1595 1779 1892 1843 merbe11.“
2015 1775 2485 1841 Verumtamen
2561 1800 2693 1842 non

575 1889 816 1945 temere
888 1879 1377 1967 corrigendum,
1445 1880 1563 1946 sed
1634 1881 1841 1946 solum
1898 1889 2075 1946 recte
2131 1881 2693 1966 interpretandum

576 1995 693 2049 est.
809 1984 1132 2048 Nimirum
1204 1985 1452 2049 ratione
1517 2008 1664 2049 cum
1721 2007 1977 2067 eorum,
2044 2001 2210 2069 quae
2268 1994 2461 2051 antea
2520 1985 2694 2051 dicta

576 2098 757 2154 sunt:
829 2090 984 2153 satis
1053 2097 1308 2154 constat
1377 2087 1454 2154 C.
1531 2088 1904 2154 Cornelium
1976 2099 2040 2154 et
2094 2089 2193 2156 M.
2251 2088 2572 2155 Scaurum
2628 2097 2693 2154 et

576 2194 653 2257 T.
710 2193 1028 2258 Milonem
1100 2202 1164 2258 et
1219 2193 1300 2257 L.
1356 2193 1644 2257 Bestiam
1706 2203 1770 2258 et
1822 2192 1900 2257 P.
1960 2193 2298 2258 Vatinium
2366 2215 2692 2259 concursu

572 2298 774 2363 totius
825 2299 1104 2363 civitatis
1151 2308 1217 2361 et
1262 2308 1603 2362 accusatos
1652 2306 1718 2362 et
1762 2297 2088 2379 defensos,
2133 2307 2206 2362 ut
2235 2297 2690 2384 frigidissimos

575 2426 833 2487 quoque
885 2413 1172 2468 oratores
1218 2402 1365 2488 ipsa
1410 2403 1716 2468 certantis
1763 2402 1989 2488 populi
2036 2402 2253 2468 studia
2298 2403 2578 2469 excitare
2624 2413 2691 2468 et

573 2508 922 2573 incendere
957 2509 1326 2594 potuerint“
1361 2517 1498 2573 tum
1532 2508 1873 2573 verborum
1906 2508 2467 2591 subsequentium:
2517 2531 2691 2590 „non

576 2613 718 2677 aliis
778 2613 985 2699 magis
1047 2613 1449 2678 orationibus
1514 2616 1950 2678 censeantur“
2011 2611 2231 2678 habita
2273 2613 2515 2678 nemini
2558 2637 2689 2678 non

575 2718 792 2781 (lateat
847 2718 1107 2781 nomine
1167 2721 1316 2781 libri
1375 2718 1702 2783 orationes
1768 2740 2094 2783 concursu
2152 2718 2352 2783 totius
2409 2717 2690 2783 civitatis

577 2821 830 2887 habitas
888 2823 1288 2909 significatas
1348 2846 1514 2888 esse.
1634 2822 1871 2906 Neque
1903 2831 2056 2905 est,
2132 2846 2249 2888 cur
2305 2831 2692 2888 censeantur

573 2927 941 3013 impugneS,
987 2936 1212 3012 utpote
1260 2927 1433 3011 quod
1479 2928 1589 2992 hic
1636 2936 1860 2992 nostro
1901 2928 2128 3014 fcbdgen
2160 2928 2201 2991 i.
2236 2951 2290 2992 e.
2327 2927 2692 3013 bodyfcbc'issen

576 3029 1002 3115 respondeat,
1071 3039 1144 3095 ut
1209 3031 1365 3096 Tac.
1426 3031 1815 3117 Agrio.545:
1887 3030 2094 3113 „Una
2150 3030 2365 3097 adhuc
2419 3031 2694 3097 victoria

578 3131 788 3198 Carus
814 3134 1062 3198 Metius
1089 3134 1560 3199 censebatur.“1
1613 3132 1880 3201 Sueton.
1908 3134 1988 3199 de
2012 3134 2241 3199 illustr.
2269 3158 2539 3221 gramm.
2579 3135 2691 3200 10:

578 3238 972 3323 „multiplici
1035 3239 1340 3323 variaque
1410 3237 1707 3305 doctrina
1779 3239 2226 3304 censebatur.“
2342 3238 2695 3305 Praeterea

577 3365 852 3425 quoque,
927 3343 1104 3427 quod
1172 3342 1584 3408 Andresenio
1657 3343 1912 3408 videtur
1983 3344 2233 3409 ratione
2293 3366 2541 3427 carere,
2609 3343 2696 3409 ad

576 3449 897 3514 orationes
945 3449 1121 3533 ipsos
1169 3448 1468 3535 adjungit
1512 3453 1822 3515 oratores.
1900 3450 1996 3514 At
2024 3449 2229 3535 ipsius
2262 3447 2695 3516 emendatoris

575 3553 785 3617 nostri
832 3574 1073 3635 quoque
1119 3576 1250 3617 non
1298 3553 1515 3636 habet,
1564 3576 1692 3637 quo
1740 3576 1888 3619 cum
1930 3554 2283 3619 lectoribus
2316 3554 2452 3620 suis
2485 3554 2697 3640 appli-

576 3668 780 3723 cetur.
876 3656 1087 3739 Quam
1133 3658 1316 3723 futile
1365 3669 1580 3723 autem
1627 3667 1837 3724 totum
1885 3658 2174 3745 ejusdem
2219 3659 2556 3723 inventum
2588 3659 2697 3742 sit,

567 3766 706 3848 jam
764 3787 842 3828 ex
899 3774 1317 3849 praepostera
1374 3764 1589 3829 elucet
1644 3762 1987 3829 verborum
2034 3768 2318 3845 leqerunt
2365 3773 2429 3829 et
2474 3786 2699 3829 accen·-

579 3872 812 3932 dantur
860 3869 1366 3951 constructione,
1413 3891 1531 3953 pro
1580 3891 1707 3953 qua
1753 3877 1866 3932 aut
1912 3872 2124 3950 leyunt
2173 3878 2239 3933 et
2272 3872 2702 3935 accendantur

581 3982 691 4037 aut
737 3975 1019 4054 leqerunt
1065 3984 1131 4038 et
1178 3977 1431 4038 accensi
1475 3977 1608 4037 sint
1662 3972 2107 4058 exspectabas.

756 4074 920 4163 Cap.
958 4079 1060 4143 26.
1121 4087 1281 4142 extr.
1327 4077 1669 4164 leguntur:
1734 4100 1897 4164 „ego
1947 4088 2163 4144 autem
2217 4077 2703 4164 exspectabam,

580 4194 655 4246 ut
699 4183 997 4247 incusato
1029 4182 1264 4248 Asinio
1314 4191 1377 4248 et
1409 4181 1636 4248 Coelio
1685 4193 1751 4249 et
1783 4180 1988 4251 Calvo
2034 4183 2209 4249 aliud
2241 4183 2432 4251 nobis
2464 4206 2704 4271 agmen
