3008 5000
1096 411 1532 473 ..39-

198 586 513 667 fecerit,
579 584 650 650 id
725 608 794 650 se
860 608 990 649 non
1059 585 1390 674 rhetorum
1458 585 1763 667 officiniS,
1830 585 1946 652 sed
2005 585 2373 651 academiae

198 691 482 776 spatiis
530 694 1020 765 consecutum.“
1114 688 1310 771 Quod
1366 692 1520 757 huic
1581 691 1909 757 enuntiato
1971 691 2375 758 concinnitas

203 796 613 861 sententiae
663 804 728 860 et
772 803 1137 860 structurae
1186 794 1377 877 desit,
1426 794 1841 862 Andresenio
1884 797 2145 860 minime
2192 795 2377 861 dubi-

200 900 523 965 tandum
570 899 860 983 videtur,
929 901 1083 983 quin
1141 909 1370 965 auctor
1427 899 1667 987 dialogi
1713 901 1810 966 sic
1854 901 2216 987 scripserit:
2273 901 2376 984 „si

204 1014 447 1072 testes
495 1003 967 1084 desiderantur,
1016 1026 1182 1088 quos
1228 1005 1511 1090 potiores
1556 1005 1904 1070 nominabo
1960 1027 2153 1089 quam
2199 1005 2373 1090 apud

208 1108 548 1176 Graecos
596 1108 1129 1190 Demosthenem,
1177 1131 1373 1192 quem
1419 1147 1503 1156 —-
1552 1108 1885 1194 proditum
1934 1118 2054 1190 est,
2101 1120 2162 1173 et
2205 1114 2378 1192 apud

209 1237 352 1280 nos
418 1216 806 1290 Ciceronem,
855 1215 965 1294 qui
1009 1212 1110 1278 his
1142 1219 1215 1276 ut
1245 1212 1480 1296 opinor
1510 1211 1770 1278 verbis“
1819 1223 1943 1277 cet.
2035 1210 2210 1280 Satis
2255 1235 2375 1279 nos

210 1321 564 1385 habemus
612 1318 803 1402 hujus
848 1316 1105 1403 generis
1150 1317 1586 1383 correctiones
1646 1340 2219 1400 commemorasse,
2276 1342 2375 1384 re-

221 1424 572 1489 futatione
597 1444 727 1486 non
749 1443 917 1506 opus
931 1442 1074 1486 esse
1100 1428 1457 1485 censentes,
1493 1419 1696 1485 Aliud
1720 1430 1818 1487 est
1845 1420 2146 1486 codicum
2171 1423 2375 1508 scrip-

215 1540 458 1595 turam
484 1525 864 1608 emendare,
897 1524 1083 1590 aliud
1113 1525 1427 1610 scriptum
1463 1526 1694 1591 tironis
1738 1526 2085 1613 corrigere,
2126 1549 2254 1611 qua
2295 1528 2376 1592 de

226 1658 302 1699 re
338 1633 543 1698 nobis
565 1635 706 1719 jam
739 1631 1070 1697 Gesnerus
1092 1631 1294 1716 praef.
1339 1629 1421 1695 ad
1453 1630 1683 1695 Horat.
1718 1630 1958 1696 haecce
1990 1630 2155 1697 bene
2186 1656 2375 1718 prae-

225 1740 456 1825 cepit:
508 1735 627 1820 „Si
672 1734 830 1820 quid
875 1745 1088 1800 autem
1139 1736 1223 1800 sit
1268 1736 1495 1816 etiam,
1545 1734 1722 1819 quod
1769 1759 1807 1800 a
1851 1735 2083 1801 vitiosa
2131 1759 2376 1824 repug-

225 1843 469 1909 nantia
498 1842 776 1906 liberare
807 1862 939 1904 non
971 1840 1240 1926 possim,
1287 1862 1415 1904 non
1451 1838 1601 1905 ideo
1635 1862 1822 1905 urere
1855 1850 1920 1904 et
1950 1863 2171 1905 secare
2202 1841 2375 1926 licet,

231 1972 380 2014 non
441 1945 726 2033 grassari
783 1944 848 2008 in
891 1943 1128 2024 libros,
1185 1953 1259 2009 ut
1314 1944 1382 2009 in
1444 1943 1906 2029 discipulorum
1964 1967 2168 2030 pensa
2213 1946 2380 2011 solet

230 2049 652 2118 emendatrix
702 2071 933 2114 manus
978 2049 1455 2134 praeceptoris:
1515 2046 1634 2113 sed
1687 2049 1820 2113 nisi‘
1859 2048 1952 2113 ita
1996 2049 2243 2132 mollis,
2287 2049 2380 2114 ita

233 2155 519 2240 liquida,
562 2154 656 2218 ita
701 2154 898 2234 clara,
943 2152 1036 2217 ita
1077 2153 1271 2218 unica
1317 2154 1404 2218 sit
1448 2151 1837 2235 emendatiO,
1883 2153 2074 2238 plane
2122 2155 2214 2218 uti
2259 2155 2378 2219 du-

234 2263 452 2326 bitare
500 2259 745 2323 homini
795 2280 1009 2322 rerum
1041 2258 1253 2343 perito
1302 2280 1431 2322 non
1461 2257 1677 2338 liceat,
1721 2256 2079 2323 modestiae
2119 2267 2378 2325 nostrae

248 2377 318 2432 et
374 2365 697 2430 bonorum
753 2362 1065 2427 librorum
1124 2362 1481 2448 integritati
1528 2363 1747 2448 potius
1791 2362 1883 2426 ita
1939 2364 2379 2447 consulamus,

252 2480 329 2536 ut
385 2469 450 2534 in
512 2467 832 2554 margine,
902 2465 1060 2551 quid
1116 2467 1304 2533 nobis
1360 2466 1692 2548 videatur,
1746 2466 2128 2534 indicemus.
2223 2469 2378 2535 Dici

252 2600 388 2641 non
431 2583 677 2660 potest,
732 2595 924 2657 quam
969 2572 1160 2637 facile
1221 2572 1307 2638 sit
1351 2573 1458 2638 hic
1501 2573 1673 2655 falli,
1731 2572 1902 2656 labi,
1958 2595 2377 2661 corrumpere

253 2680 430 2767 quod
474 2677 818 2743 emendare
864 2677 1094 2743 velis.“

431 2783 670 2851 Similis
749 2783 1006 2870 generis
1089 2789 1241 2849 sunt
1320 2781 1449 2846 duo
1533 2781 1659 2846 alia
1731 2781 2124 2848 Andresenii
2202 2805 2376 2847 com-

265 2897 497 2957 menta.

435 2990 593 3078 Cap.
643 2990 745 3055 37.
796 2988 965 3055 med.
1012 2990 1321 3076 legimus:
1371 3012 1545 3072 „non
1595 2989 1826 3075 opinor
1869 2989 2379 3056 Demosthenem

271 3099 577 3165 orationes
606 3097 954 3177 illustrant,
987 3117 1147 3179 quas
1182 3095 1494 3160 adversus
1526 3102 1773 3160 tutores
1805 3117 1959 3160 suos
1993 3097 2380 3181 composuit,

270 3226 385 3270 nec
429 3201 810 3268 Ciceronem
858 3223 1160 3287 magnum
1212 3211 1534 3265 oratorem
1566 3199 1640 3263 P.
1677 3197 2028 3280 Quinctius
2077 3199 2381 3267 defensus

273 3320 379 3375 aut
415 3307 702 3373 Licinius
733 3306 1016 3371 Archias
1062 3305 1325 3370 faciunt.
1405 3302 1686 3369 Catilina
1732 3314 1799 3369 et
1829 3304 1996 3368 Milo
2044 3314 2108 3370 et
2137 3304 2381 3372 Verres

277 3424 351 3481 et·
379 3413 694 3484 Antonius
741 3412 911 3476 hanc
958 3410 1051 3474 illi
1096 3410 1335 3476 fama‘m
1395 3408 2034 3474 circumdederunt.“
2125 3406 2382 3489 Quibus

275 3520 340 3583 in
399 3516 606 3582 verbis
676 3514 1056 3580 emendator
1121 3522 1345 3579 noster
1412 3523 1563 3599 post
1633 3516 1991 3595 composuit
2059 3511 2380 3580 excidisse

281 3622 560 3709 opinatur
604 3624 721 3685 sed
764 3639 923 3703 quas
973 3622 1279 3683 adversus
1328 3619 1698 3682 Aeschinem
1743 3629 1804 3684 et
1849 3613 2227 3701 Philippum.

440 3724 598 3812 Cap.
653 3727 756 3789 17.
812 3724 934 3789 sub
992 3707 1188 3788 finem
1242 3721 1416 3788 idem
1475 3722 1715 3810 corrigi
1774 3722 1942 3786 vult:
2002 3723 2158 3807 „qui
2215 3745 2285 3788 se
2341 3745 2385 3789 a

290 3835 432 3897 Gaio
476 3852 601 3895 non
645 3832 830 3894 modo
892 3838 953 3893 et
1006 3830 1258 3894 Tiberio
1305 3831 1421 3892 sed
1465 3852 1502 3893 a
1561 3827 1711 3892 divo
1769 3850 2027 3912 quoque
2077 3828 2381 3914 Augusto

289 3937 468 4003 semel
536 3944 730 4020 atque
798 3936 1033 4000 iterum
1101 3933 1434 4018 accepisse
1509 3933 1909 4018 congiarium
1968 3931 2383 3997 narrabant.“

293 4038 490 4122 Quum
529 4040 673 4125 ipse
720 4040 848 4104 hoc
897 4038 1424 4125 supplementum
1471 4036 1741 4103 dubium
1788 4058 1929 4102 esse
1978 4036 2184 4119 dicat,
2230 4057 2385 4100 auc-

294 4147 431 4211 toris
476 4142 668 4209 modo
716 4144 1147 4209 temeritatem
1192 4150 1477 4209 notatam
1528 4142 1880 4206 volumus·⁴
