3008 5000
1463 437 1894 501 -24—

621 611 905 694 assistat,
935 611 1131 696 quin“
1167 613 1599 677 necessariam
1630 632 1902 678 censens
1933 612 2167 694 nescit,
2188 611 2743 696 quemadmodum

623 716 791 781 hanc
847 715 953 780 vel
1007 716 1184 779 illam
1240 716 1571 798 restituat,
1637 715 1706 780 id
1779 739 1909 781 non
1969 714 2267 783 dolemus
2321 738 2523 801 quum
2578 738 2748 782 con-

614 824 871 908 jectura
914 843 1155 886 corona
1197 820 1576 906 recipienda
1621 820 1726 886 sit.

800 924 962 1011 Cap.
1010 927 1113 991 27.
1176 949 1296 1011 pro
1345 936 1573 1008 aparte
1620 924 2068 990 Andresenius
2120 946 2322 1008 parce
2379 924 2744 1009 substituit,

621 1053 831 1114 neque
898 1038 1115 1095 tamen
1183 1031 1327 1115 ipse
1393 1030 1611 1095 locum
1669 1029 2014 1116 produxit,
2081 1052 2294 1115 neque
2362 1053 2484 1096 nos
2539 1031 2747 1096 talem

622 1134 833 1199 afferri
879 1156 1074 1219 posse
1120 1133 1531 1216 arbitramur,
1576 1135 1690 1198 ubi
1730 1155 1929 1216 parce
1974 1126 2270 1200 absolute
2309 1134 2601 1220 positum
2630 1135 2745 1200 sit.

621 1237 854 1325 Longe
885 1239 1086 1324 igitur
1115 1239 1519 1324 probabilius
1554 1239 1831 1325 cuipiam
1871 1241 1959 1303 ad
1980 1248 2209 1320 partes
2243 1262 2389 1304 esse
2418 1238 2748 1320 videatur,

623 1343 872 1408 dictum
915 1341 985 1407 id
1032 1342 1316 1427 quidem,
1362 1352 1437 1407 ut
1481 1342 1641 1407 illud
1687 1346 1776 1408 ad
1818 1365 1999 1408 arma
2026 1342 2176 1408 Liv.
2208 1343 2331 1426 III,
2368 1347 2469 1408 15.
2541 1341 2744 1425 Quod

624 1447 707 1512 ad
774 1471 997 1514 vocem
1054 1458 1278 1530 partes
1335 1448 1568 1512 attinet
1624 1449 1739 1513 cfr.
1798 1471 1940 1534 cap.
1985 1449 2068 1513 28
2128 1448 2368 1534 princ.:
2430 1449 2746 1532 „etiamsi

624 1552 781 1617 mihi
825 1561 1043 1639 partes
1090 1553 1435 1640 assignatis
1482 1552 1856 1638 proferendi
1898 1554 1965 1617 in
1997 1552 2281 1618 medium
2315 1576 2481 1638 quae
2513 1577 2747 1622 omnes

624 1656 1002 1722 sentimu8.“

801 1759 963 1846 Cap.
1009 1763 1114 1826 20.
1166 1760 1354 1841 med.
1417 1761 1581 1825 haec
1627 1758 1931 1825 videntur
1974 1760 2388 1828 Andresenio
2442 1763 2617 1829 inter
2672 1787 2746 1831 se

624 1868 842 1952 inepte
903 1866 1201 1951 opposita
1258 1887 1433 1931 esse:
1512 1864 1855 1950 „poeticus
1925 1864 2126 1930 decor
2190 1890 2323 1931 non
2377 1868 2573 1932 Accii
2632 1879 2750 1934 aut

621 1971 895 2035 Pacuvii
948 1980 1214 2036 veterno
1271 1974 1674 2053 inquinata-e,
1736 1969 1851 2034 sed
1914 1993 1994 2034 ex
2050 1970 2311 2036 Horatii
2369 1980 2435 2036 et
2479 1972 2749 2061 Virgilii

626 2085 690 2141 et
744 2075 997 2139 Lucani
1056 2075 1337 2140 sacrario
1388 2079 1763 2157 prolatus-“3
1822 2097 1951 2139 non
2006 2075 2177 2140 enim
2233 2075 2539 2142 decorem
2598 2102 2748 2145 ora-

622 2176 848 2260 tionis,
917 2179 1033 2244 sed
1094 2180 1448 2243 orationem
1510 2179 1718 2263 ipsam
1775 2179 1967 2243 Accii
2024 2188 2091 2244 et
2147 2180 2416 2245 Pacuvii
2469 2189 2747 2248 veterno

624 2284 976 2368 inquinari3
1012 2284 1255 2369 optime
1286 2283 1507 2370 igitur,
1540 2282 1694 2366 quid
1718 2283 2038 2348 sententia
2061 2283 2406 2368 desideret,
2431 2285 2747 2353 Nastium

625 2388 903 2454 sensisse
947 2387 1512 2472 interpretantem:
1574 2387 1828 2471 „steilicb
1887 2388 2034 2469 nicbt
2079 2399 2193 2455 uuss
2242 2390 2340 2456 bet
2386 2392 2747 2478 [cbmugigen

625 2493 1134 2579 {Blunbetfummet
1180 2493 1283 2558 be&
1334 2491 1549 2559 ‘uectus
1599 2492 1718 2557 unb
1768 2492 2114 2577 macuvius,
2177 2504 2291 2560 aue
2348 2496 2475 2561 bem
2519 2495 2749 2584 «beiliga

628 2601 788 2680 thum
837 2600 940 2663 bes
987 2599 1198 2682 ᾧοτας,
1248 2596 1446 2681 Qitgil
1496 2599 1614 2662 unb
1665 2598 1854 2664 ssucau
1902 2598 2240 2681 gefcbsspftst
2333 2596 2552 2681 Quam
2594 2623 2744 2666 sen-

624 2703 896 2768 tentiam
931 2708 1003 2765 ut
1030 2700 1351 2787 probabili
1384 2699 1664 2785 quadam
1701 2703 2076 2787 conjectura
2103 2703 2494 2787 restitueret,
2526 2726 2747 2771 emen-

628 2794 836 2870 datori
913 2814 1140 2869 nostro
1220 2828 1352 2869 non
1431 2804 1743 2891 contigit,
1794 2828 1952 2889 ¹qua
2033 2805 2295 2890 quidem
2366 2812 2749 2895 conjectura

625 2910 885 2976 omnino
954 2933 1088 2973 non
1157 2931 1324 2994 opus
1383 2919 1553 2992 erat,
1624 2908 1975 2988 dummodo
2042 2911 2314 2977 verbum
2372 2917 2743 2995 inquinatus

624 3015 1169 3104 exstingueretur.
1284 3011 1423 3096 Cur
1490 3037 1644 3080 vero
1716 3015 1927 3079 solum
1997 3016 2140 3101 ipsa
2206 3017 2448 3101 oratio,
2526 3042 2744 3104 neque

623 3121 893 3208 perinde
941 3121 1234 3206 poeticus
1282 3124 1420 3207 ejus
1454 3119 1651 3186 decor
1681 3120 1761 3185 ab
1796 3128 2052 3187 oratore
2085 3122 2443 3209 exigendus
2475 3134 2743 3192 veterno

524 3243 531 3252 ·
624 3226 947 3310 inquinari
1008 3233 1234 3309 queat,
1286 3223 1355 3289 id
1402 3224 1853 3291 Andresenius
1899 3249 2018 3292 nos
2067 3226 2301 3294 docere
2347 3231 2741 3315 supersedit.

624 3332 1088 3397 Verumtamen
1118 3332 1186 3395 in
1218 3329 1521 3395 decorem
1562 3330 1742 3396 illum
1777 3332 2046 3397 verbum
2078 3337 2447 3415 inquinatus
2480 3338 2743 3424 egregie

626 3436 948 3516 convenit,
996 3435 1173 3520 quod
1221 3434 1395 3500 idem
1440 3436 1700 3501 nomine
1744 3446 2001 3503 veterno
2050 3439 2122 3522 (i.
2175 3462 2230 3503 e.
2277 3441 2555 3505 vetustis
2603 3463 2742 3507 sor·

627 3540 841 3626 dibus)
889 3541 1110 3626 utique
1157 3540 1531 3625 requiritur.
1607 3538 1743 3605 Cfr.
1786 3541 1933 3607 Liv.
1969 3542 2269 3627 XXVII,
2303 3545 2419 3610 39:
2469 3544 2741 3630 „Itaque

623 3644 715 3709 ibi
786 3643 1047 3711 foedum
1119 3655 1444 3710 certamen
1501 3645 1885 3728 inquinandi
1937 3647 2173 3712 famam
2230 3648 2532 3732 alterius,
2591 3672 2741 3716 cum

627 3772 782 3816 suae
857 3752 1066 3815 famae
1143 3749 1430 3832 damn0,'
1487 3750 1732 3816 factum
1809 3755 1980 3816 est.“
2106 3750 2247 3820 Cic.
2305 3753 2453 3818 Fin.
2512 3753 2600 3822 V.
2666 3757 2737 3821 8:

632 3894 755 3937 „—
804 3854 1214 3920 obscurantis
1271 3862 1372 3919 est
1425 3876 1682 3920 omnem
1730 3854 2146 3942 splendorem
2203 3856 2605 3940 honestatis,
2660 3880 2741 3926 ne

630 3957 843 4037 dicam
887 3958 1344 4044 inquinanti8.“
