3008 5000
1018 530 1451 591 ...51-

157 689 331 753 tiam
395 696 646 752 veteres
718 695 1005 751 oratores
1055 683 1667 770 comprehenderint
1734 692 1801 748 et
1868 686 2307 772 grammatica,

160 791 452 873 musica,
498 790 851 876 geometria
896 789 1125 854 imbuti
1172 788 1321 854 sint.

356 893 523 980 Cap.
574 897 676 960 24.
727 903 887 959 extr.
948 894 1014 957 in
1075 892 1267 958 codd.
1329 894 1644 978 scriptum
1705 901 1834 958 est:
1902 892 2147 979 „igitur
2194 915 2307 957 ex-

165 1023 410 1084 prome
468 999 656 1065 nobis
723 1022 852 1063 non
916 996 1351 1063 laudationem
1414 998 1826 1081 antiquorum
1888 998 2075 1076 (satis
2133 997 2305 1063 enim

162 1104 320 1169 illos
382 1104 555 1169 fama
611 1126 730 1169 sua
782 1102 1037 1186 laudat)
1097 1102 1214 1168 sed
1271 1124 1500 1167 causas
1522 1151 1541 1184 ‚
1612 1124 1727 1167 cur
1778 1102 1845 1165 in
1903 1109 2157 1166 tantum
2225 1101 2305 1166 ab

168 1209 551 1291 eloquentia
595 1230 816 1273 eorum
861 1207 1343 1289 recesserimnS,
1390 1229 1590 1289 quum
1620 1205 2000 1292 praesertim
2048 1214 2306 1271 centum

170 1322 240 1379 et
286 1311 525 1398 viginti
570 1334 774 1377 annos
823 1311 904 1376 ab
950 1311 1217 1376 interitu
1262 1307 1605 1376 Ciceronis
1665 1311 1732 1375 in
1777 1309 1951 1375 hunc
1997 1308 2167 1374 diem
2216 1309 2309 1373 ef-

168 1417 286 1480 fici
334 1416 504 1479 ratio
549 1425 913 1501 temporum
961 1414 1362 1501 collegerit.“
1453 1411 1654 1478 Nulla
1709 1413 2111 1479 correctione
2159 1434 2306 1495 pro-

168 1520 399 1604 posita
453 1520 629 1584 hunc
674 1519 890 1585 locum
932 1518 1380 1584 Andresenius
1424 1518 1710 1583 lacerare
1760 1526 2106 1583 contentus
2153 1538 2307 1601 ope-

170 1645 317 1687 ram
362 1622 670 1708 perdidit,
717 1645 915 1707 quum
966 1647 1001 1686 a
1048 1622 1340 1707 plurimis
1390 1622 1541 1686 viris
1590 1620 1802 1687 doctis
1841 1623 1980 1706 jam
2010 1627 2299 1684 tentatus

176 1735 376 1810 esset.

361 1829 686 1897 Omnibus
733 1832 930 1917 igitur
963 1831 1357 1897 Andresenii
1404 1829 1960 1895 emendationibus
2009 1848 2305 1913 compre-

178 1935 427 2015 hensiS,
475 1958 621 2000 eum
651 1935 994 2000 nonnullas
1026 1957 1160 1999 non
1191 1933 1561 2019 probandas
1594 1933 1886 1999 attulisse
1917 1931 2299 2000 invenimus.

273 4300 316 4338 Α.
333 4300 391 4338 W.
414 4300 441 4338 Β
450 4300 507 4338 oh
519 4310 545 4338 ι
555 4300 583 4339 d
593 4310 617 4339 ο
628 4301 662 4341 ὀ
691 4300 1043 4342 Buchdrnckerei
1073 4300 1145 4353 (L.
1168 4304 1196 4343 8
1208 4314 1230 4343 ο
1241 4304 1268 4343 h
1278 4304 1339 4343 ad
1350 4314 1373 4343 ο
1386 4302 1404 4353 )
1432 4304 1478 4344 in
1507 4304 1671 4354 Berlin,
1702 4304 2112 4346 Stallnchreiberstr.
2132 4300 2193 4342 4⁶1.
