3008 5000
1507 481 1941 545 -34,

673 680 1108 742 nuncupasse.
1214 656 1473 722 Deinde
1524 657 2003 742 comparativus
2051 662 2478 742 antiquiorum
2523 659 2607 724 ob
2657 682 2807 725 sen-

670 764 961 843 tentiam,
1007 785 1202 847 quam
1235 761 1451 843 infert,
1483 762 1759 826 alienam
1791 763 2053 827 omnino
2089 786 2218 828 non
2256 763 2521 847 probari
2561 773 2809 850 potest,

674 889 952 950 namque
1022 888 1219 950 quum
1280 865 1361 930 ad
1421 865 1702 931 Galbam
1771 874 1835 930 et
1894 865 2194 932 Laelium
2252 868 2635 934 referendus
2694 869 2803 950 sit,

670 975 1098 1053 antiquiorum
1146 970 1472 1056 significat
1509 972 1713 1035 Galba
1759 981 1820 1035 et
1848 973 2074 1036 Laelio
2118 977 2569 1055 antiquiorum,
2617 971 2796 1056 quod

670 1098 709 1139 a
753 1084 967 1139 mente
1015 1075 1353 1159 scriptoris
1402 1073 1589 1139 valde
1636 1073 1960 1139 abhorret.

850 1176 1010 1265 Cap.
1062 1181 1166 1243 34.
1212 1179 1280 1243 in
1328 1177 1703 1244 enunciato:
1765 1180 1988 1261 „scitis
2047 1180 2216 1244 enim
2264 1204 2566 1266 magnam
2616 1180 2795 1245 illam

672 1294 737 1348 et
783 1283 1160 1349 duraturam
1209 1284 1615 1368 eloquentiae
1673 1284 1907 1349 famam
1955 1308 2084 1350 non
2132 1285 2346 1351 minus
2403 1285 2469 1349 in
2516 1285 2796 1350 diversis

669 1389 993 1454 subselliis
1040 1388 1255 1474 parari
1313 1410 1507 1472 quam
1567 1390 1746 1454 suis“
1795 1387 2246 1455 Andresenius
2295 1395 2359 1454 in
2418 1399 2569 1475 post
2612 1411 2802 1472 quam

667 1495 809 1558 vult
867 1494 1069 1579 repeti
1129 1493 1299 1558 sicut
1354 1494 1592 1580 corrigi
1641 1517 1784 1579 cap.
1834 1496 1938 1559 28.
1999 1493 2203 1559 med.:
2276 1519 2452 1577 „non
2519 1495 2587 1559 in
2636 1495 2803 1560 cella

669 1608 924 1684 emptae
970 1598 1240 1663 nutricis
1273 1597 1390 1663 sed
1421 1602 1489 1662 in
1522 1599 1769 1683 gremio
1804 1621 1881 1663 ac
1912 1598 2058 1664 sinu
2089 1599 2311 1664 matris
2348 1598 2799 1665 educabatur“

667 1703 787 1768 has
858 1702 1117 1787 quidem
1186 1703 1576 1767 mutationes
1647 1704 1974 1767 communi
2044 1704 2329 1768 omnium
2399 1705 2798 1790 scriptorum

668 1831 790 1873 usu
823 1805 1259 1873 commendari
1297 1805 1625 1892 judicans
1718 1806 1921 1871 Nulla
1964 1817 2180 1872 tamen
2221 1808 2450 1894 regula
2496 1808 2636 1873 sine
2684 1831 2799 1872 ex-

671 1913 993 1996 ceptione.
1107 1911 1212 1975 De
1283 1911 1502 1976 multis
1565 1911 1962 1996 excipiendis
2033 1912 2344 1997 exemplis
2415 1912 2531 1979 cfr.
2601 1912 2798 1976 modo

674 2016 945 2081 haecce:
992 2015 1169 2101 Nep.
1217 2015 1444 2080 Them.
1480 2016 1554 2080 2:
1602 2014 1837 2099 Neque
1886 2017 2097 2080 minus
2144 2017 2210 2081 in
2259 2018 2453 2081 rebus
2485 2015 2795 2103 gerendis

670 2130 962 2205 promtus
995 2143 1189 2205 quam
1233 2119 1682 2205 excogitandis
1729 2128 1885 2186 erat.
1980 2117 2123 2185 Cic.
2156 2119 2320 2206 Leg.
2352 2119 2409 2201 I,
2441 2122 2511 2185 8:
2563 2120 2797 2186 Virtus

669 2225 896 2290 eadem
950 2227 1018 2289 in
1074 2226 1335 2289 homine
1394 2245 1470 2288 ac
1532 2223 1653 2288 deo
1711 2233 1844 2305 est,
1902 2246 2112 2307 neque
2168 2224 2293 2288 alio
2344 2223 2477 2289 ullo
2524 2224 2795 2312 ingenio

668 2338 1025 2416 praeterea.
1147 2328 1382 2412 Neque
1451 2329 1690 2393 rectius
1768 2338 2100 2393 corrector
2173 2339 2397 2393 noster
2464 2330 2799 2394 existimat

671 2444 948 2519 quatuor
1004 2441 1255 2498 tantum
1311 2432 1472 2497 locis
1532 2443 1681 2519 post
1746 2432 2097 2521 particulas
2157 2437 2257 2497 vel
2312 2441 2378 2498 et
2432 2444 2543 2497 aut
2608 2444 2797 2499 ante-

667 2562 956 2626 gressam
980 2538 1525 2624 praepositionem
1557 2538 1896 2623 repetitam
1929 2560 2094 2619 esse,
2139 2560 2281 2623 cap.
2317 2541 2376 2603 9.
2411 2538 2575 2603 med.
2613 2540 2799 2604 intra

666 2667 866 2708 unum
913 2654 1025 2708 aut
1070 2644 1344 2708 alterum·
1392 2642 1595 2720 diem3
1647 2666 1789 2728 cap.
1827 2645 1925 2707 10.
1980 2666 2057 2706 ex
2093 2642 2415 2728 Hispania
2461 2644 2560 2707 vel
2595 2644 2795 2724 Asia3

669 2770 813 2834 cap.
849 2749 951 2813 20.
985 2748 1121 2811 init.
1146 2770 1267 2832 pro
1299 2746 1532 2811 Marco
1567 2747 1787 2811 Tullio
1820 2757 1931 2812 aut
1962 2747 2135 2811 Aulo
2162 2745 2479 2826 Caecina3
2506 2769 2648 2834 cap.
2685 2749 2793 2813 40.

667 2853 805 2917 init.
853 2875 933 2917 ne
981 2875 1020 2916 a
1063 2851 1300 2916 Publio
1348 2850 1612 2935 quidem
1658 2846 1970 2936 Scipione
2016 2860 2128 2915 aut
2172 2849 2356 2916 Sulla
2401 2861 2512 2916 aut
2558 2850 2795 2918 Gnaeo

664 2958 1015 3043 Pompej0‚
1072 2980 1222 3021 nam
1282 2967 1611 3042 praeterea
1667 2956 1944 3042 legimus
2005 2979 2148 3042 cap.
2198 2961 2257 3022 9.
2307 2957 2374 3020 in
2433 2956 2635 3022 herba
2682 2958 2794 3022 vel

663 3063 858 3141 fiore3
906 3084 1047 3147 cap.
1091 3061 1187 3126 15.
1223 3083 1261 3124 a
1290 3058 1610 3125 Cicerone
1644 3069 1754 3125 aut
1781 3060 2044 3139 Asini03
2079 3082 2219 3145 cap.
2255 3061 2360 3127 36.
2409 3060 2477 3125 in
2502 3061 2793 3145 aliquam

664 3165 975 3231 invidiam
1044 3173 1157 3229 aut
1204 3165 1481 3243 crimen3
1556 3187 1700 3251 cap.
1750 3164 1855 3228 37.
1926 3173 2227 3229 utrumne
2297 3162 2378 3228 de
2447 3166 2620 3230 furto
2682 3175 2799 3234 aut

668 3270 944 3335 formula
991 3279 1057 3333 et
1099 3267 1466 3333 interdicto.

845 3372 1007 3460 Cap.
1045 3376 1150 3441 29.
1242 3372 1559 3438 Messalla
1605 3370 1685 3437 de
1730 3372 1980 3436 ratione
2029 3371 2322 3455 loquen8‚
2370 3394 2496 3456 qua
2536 3373 2797 3458 parvuli

667 3502 928 3546 suorum
976 3488 1338 3563 temporum
1387 3477 1796 3567 educentur,⁸
1827 3477 1922 3542 sic
1969 3477 2214 3564 pergit:
2275 3477 2507 3541 horum
2553 3477 2797 3544 fabulis

668 3593 733 3648 et
776 3584 1104 3649 erroribus
1160 3584 1367 3648 teneri
1426 3582 1643 3647 statim
1702 3604 1779 3647 ac
1835 3581 2030 3647 rudes
2092 3582 2289 3647 animi
2342 3582 2797 3647 imbuuntur.“

667 3687 1079 3753 Andresenio
1137 3685 1484 3773 displicent
1539 3686 1738 3751 verba
1782 3689 2024 3768 fabulis
2074 3696 2134 3750 et
2180 3691 2525 3752 erroribus.
2618 3685 2799 3768 „Fa-

669 3791 880 3872 bulae,
936 3791 1164 3874 inquit,
1215 3800 1280 3855 et
1328 3812 1583 3855 errores
1620 3791 1811 3877 juxta
1842 3789 1999 3875 poni
2045 3786 2450 3856 nullo'modo
2495 3800 2796 3876 possunt.

670 3894 840 3959 Nam
889 3917 1281 3979 quamquam
1326 3894 1608 3976 fabulae,
1655 3916 1821 3979 quae
1868 3894 1994 3960 hoc
2039 3894 2186 3960 loco
2235 3893 2577 3977 dicuntur,
2635 3895 2795 3977 quin

667 3997 907 4064 nullius
957 3999 1148 4084 pretii
1188 3999 1315 4064 sint
1360 4008 1425 4064 et
1465 4000 1557 4063 ita
1588 4007 2019 4084 comparatae,
2064 4008 2138 4063 ut
2168 3998 2511 4063 infantium
2544 3998 2797 4063 animos

671 4112 1150 4190 corrumpant‚·
1190 4126 1382 4169 nemo
1440 4104 1729 4187 dubitat,
1796 4111 2014 4169 tamen
2073 4103 2252 4188 quod
2297 4103 2798 4189 vituperationis

670 4229 816 4272 cum
874 4208 999 4272 hoc
1049 4207 1365 4274 vocabulo
1438 4211 1858 4295 conjunctum
1920 4217 2054 4288 est,
2124 4206 2188 4272 id
2258 4230 2376 4273 nos
2442 4230 2522 4271 ex
2589 4207 2796 4272 totius
