3008 5000
1438 395 1869 461 ...30-

577 568 758 638 libus
805 570 940 637 suis
986 570 1297 655 loquitur3
1353 592 1484 654 quo
1514 571 1687 637 enim
1718 570 1911 636 modo
1959 595 1995 638 e
2026 570 2242 637 verbis
2288 570 2524 654 „video
2554 593 2710 657 pro·

585 676 772 740 bari“
819 674 1128 739 conficias
1184 673 1368 739 illum
1430 683 1638 740 semet
1689 675 1905 760 ipsum
1964 676 2361 761 designasse.
2464 675 2705 759 Neque

584 780 1044 865 fieri'poterat,
1090 789 1162 844 ut
1195 780 1375 865 Aper
1419 780 1499 845 ab
1545 779 1915 845 hominibus
1964 780 2073 863 qui
2117 780 2244 866 ipsi
2286 803 2358 845 se
2393 779 2713 845 dederant

587 884 1048 951 declamatorio
1109 884 1364 966 studiO,
1431 884 1927 971 vituperaretur.
2026 885 2129 949 Ex
2187 885 2403 950 verbis
2461 894 2707 950 autem:

587 999 698 1072 „et
742 990 944 1054 otium
993 1012 1180 1053 suum
1225 989 1473 1054 mavult
1517 1012 1835 1054 novorum
1887 989 2219 1054 rhetorum
2265 1012 2443 1054 more
2512 1011 2710 1073 quam

585 1103 873 1160 veterum
905 1103 1231 1159 oratorum
1263 1097 1691 1159 consumere“
1737 1095 1923 1179 Aper
1969 1092 2050 1159 de
2080 1094 2313 1159 studiis
2360 1094 2495 1159 suis
2529 1094 2713 1159 Mes-
2745 1131 2750 1137 ·

586 1199 811 1264 sallam
857 1220 989 1262 non
1033 1196 1208 1262 idem
1253 1207 1446 1282 atque
1492 1198 1652 1263 alios
1699 1198 2002 1282 aequales
2034 1200 2271 1265 sentire
2317 1198 2507 1263 facile
2555 1220 2713 1263 con-

595 1302 923 1372 cludebat.

764 1402 923 1493 Cap.
975 1409 1091 1473 22:
1139 1428 1307 1488 „nec
1351 1406 1485 1471 ulla
1528 1430 1599 1472 re
1629 1406 1838 1493 magis
1870 1417 2162 1472 oratores
2211 1406 2502 1494 ejusdem
2534 1415 2713 1472 aeta-

587 1512 673 1576 tis
718 1511 1082 1596 praecurrit
1141 1533 1333 1594 quam
1381 1509 1677 1595 judicio“
1740 1510 1872 1597 legi
1931 1511 2176 1575 mavult
2220 1509 2708 1576 Andresenius:

595 1638 757 1699 „nec
801 1616 936 1681 ulla
978 1640 1048 1680 re
1090 1616 1297 1703 magis
1333 1625 1575 1683 ceteros
1609 1619 1883 1698 ejusdem
1913 1620 2149 1682 aetatis
2182 1627 2476 1682 oratores
2524 1638 2712 1701 prae-

594 1721 800 1785 currit
844 1744 1038 1805 quam
1063 1721 1378 1807 judici0.“
1472 1721 1976 1806 Exspectamus,
2036 1722 2268 1805 inquit,
2314 1722 2453 1785 sine
2488 1720 2711 1802 dubi0,

590 1835 667 1892 ut
709 1824 940 1894 Cicero
989 1849 1137 1891 cum
1186 1827 1419 1891 ceteris
1479 1826 1772 1913 ejusdem
1830 1826 2057 1892 aetatis
2117 1825 2486 1891 oratoribus
2535 1847 2712 1890 com-

586 1935 916 2016 paretur.“
994 1930 1141 1995 Nec
1170 1930 1580 1995 infitiandum
1610 1932 1985 1996 nonnemini
2014 1930 2334 2013 videatur,
2382 1939 2712 1996 auctorem

589 2034 830 2121 dialogi
859 2036 956 2101 sic
987 2035 1348 2121 scripsisse,
1395 2034 1923 2119 quandoquidem
1952 2036 2107 2101 item
2140 2035 2388 2101 dictum
2433 2034 2713 2121 legimus

589 2162 731 2226 cap.
769 2141 883 2205 25:
932 2140 1074 2223 „sic
1118 2138 1293 2225 apud
1339 2161 1457 2204 nos
1489 2137 1725 2205 Cicero
1757 2139 2022 2225 quidem
2069 2149 2323 2205 ceteros
2355 2127 2750 2205 eorundem⁴

593 2254 960 2330 temporum
1027 2243 1308 2309 disertos
1376 2244 1770 2311 antecedit.“
1878 2242 2162 2310 Omnino
2230 2252 2447 2308 tamen
2514 2242 2719 2308 verba

591 2350 837 2420 ratione
883 2372 1014 2413 non
1060 2348 1269 2413 solum
1317 2357 1615 2430 externa,
1686 2348 1804 2414 sed
1860 2348 2054 2413 etiam
2110 2349 2367 2414 interna
2422 2356 2718 2413 contem-

589 2454 755 2540 plari
802 2452 1133 2520 debemus,
1242 2450 1438 2534 Quod
1504 2452 1618 2537 qui
1676 2473 1812 2518 non
1869 2451 2261 2541 neglexerit,
2320 2451 2378 2516 ei
2436 2454 2717 2533 ejusdem

587 2562 825 2624 aetatis
873 2566 1168 2624 oratores
1226 2556 1387 2622 nihil
1444 2578 1587 2623 esse
1645 2557 1770 2623 nisi
1830 2568 2124 2624 oratores
2186 2560 2481 2638 aequales
2537 2555 2714 2620 ultro

586 2662 959 2749 apparebit,
1014 2659 1192 2746 quod
1248 2668 1500 2726 tantum
1547 2660 1764 2742 abest,
1821 2670 1894 2724 ut
1940 2671 2184 2726 eeteros
2233 2658 2590 2741 desideret,
2637 2669 2717 2724 ut

586 2767 781 2834 modo
826 2776 1073 2833 tantum
1121 2766 1528 2852 pleonastico
1575 2765 1897 2848 admittat,
1942 2766 2034 2831 ita
2076 2773 2152 2830 ut
2197 2765 2266 2829 id
2313 2766 2517 2830 altero
2560 2765 2713 2829 loco

586 2873 802 2959 potius
849 2872 1208 2958 exstingui,
1244 2894 1439 2956 quam
1484 2871 1637 2935 huic
1683 2870 1997 2934 inculcari
2042 2870 2282 2934 malim.

762 2974 923 3063 Cap.
958 2978 1063 3041 35.
1096 2985 1258 3042 extr.
1288 2978 1436 3041 loco
1469 2998 1509 3040 a
1538 2975 1758 3040 multis
1789 2983 2071 3041 tentato:
2101 2974 2437 3058 „sequitur
2468 2980 2710 3055 autem,

584 3091 660 3150 ut
703 3083 1010 3147 materiae
1056 3080 1430 3146 abhorrenti
1475 3103 1515 3144 a
1559 3080 1827 3145 veritate
1874 3078 2256 3146 declamatio
2304 3100 2560 3163 quoque
2591 3075 2711 3142 ad-

586 3186 937 3252 hibeatur“
1008 3187 1461 3253 Andresenius
1533 3188 1899 3251 adulterina
1966 3195 2118 3270 post
2186 3204 2430 3267 quoque
2485 3183 2707 3264 infert,

585 3300 896 3376 tanquam
980 3292 1135 3356 talia
1218 3289 1661 3355 additamenta
1739 3312 1858 3355 sua
1931 3290 2205 3372 quisque
2282 3311 2364 3353 ex
2438 3286 2712 3353 libidine

583 3397 885 3464 infercire
944 3397 1174 3484 possit.
1276 3396 1627 3460 Praeterea
1683 3392 1764 3458 de
1821 3395 1945 3459 hac
2003 3392 2474 3458 declamatione
2521 3391 2706 3457 adul-

583 3503 793 3570 terina
846 3524 1069 3583 nem0,
1125 3501 1385 3587 opinor,
1440 3522 1523 3565 ne
1579 3498 1779 3565 fando
1839 3498 2104 3583 quidem
2169 3498 2526 3584 quidquam
2562 3499 2707 3583 jam

583 3607 925 3675 audiverit.
1014 3607 1368 3691 Perperam
1413 3628 1566 3669 vero
1598 3603 1946 3671 Schulzius
1992 3603 2339 3669 lectionem
2372 3603 2708 3689 vulgatam

583 3717 962 3780 declamatio
1009 3731 1253 3794 quoque
1299 3712 1679 3774 adhibeatur
1722 3710 1815 3773 ita
1858 3708 2351 3794 interpretatur:
2404 3707 2485 3790 „i.
2521 3730 2575 3772 e.
2628 3715 2706 3770 ut

584 3842 716 3884 non
773 3816 1060 3883 contenti
1121 3815 1250 3881 sint
1306 3815 1448 3881 sola
1502 3813 1941 3879 elaboratione
1986 3813 2324 3894 thematiS,
2382 3810 2561 3896 quod
2604 3811 2708 3875 in-

582 3922 922 4010 spiciendo
971 3922 1256 4008 corrigat
1298 3920 1540 4001 rhetor,
1587 3919 1701 3986 sed
1749 3918 1995 3985 addant
2026 3916 2583 3998 declamationem,
2630 3925 2706 3981 ut

584 4028 898 4115 perdatur
941 4036 1202 4113 tempus
1249 4026 1318 4092 in
1365 4025 1557 4112 nugis
1602 4024 1747 4090 istis
1793 4022 2196 4090 audiendiS.“
2297 4022 2437 4087 Imo
2484 4020 2705 4086 decla-

581 4133 923 4201 matorium
979 4132 1266 4198 studium
1328 4131 1774 4198 Romanorum
1823 4132 1962 4218 jam
2020 4128 2271 4215 pridem
2327 4138 2459 4192 tam
2517 4148 2695 4193 com-
