3008 5000
1133 468 1521 531 ...7.-

248 643 698 709 amicissimos
756 641 1048 707 mentiar.
1151 641 1339 725 Non,
1393 642 1796 725 mehercule,
1863 663 2147 726 uuquam
2213 639 2388 728 apud

237 749 558 835 judices,
606 757 719 812 aut
765 746 1053 812 dolorem
1114 755 1226 810 aut
1288 745 1830 829 misericordiam,
1890 755 2001 810 aut
2054 745 2387 828 iuvidiam,

251 863 382 918 aut
429 852 652 918 odium
697 851 983 917 excitare
1033 850 1310 916 dicendo
1356 851 1554 933 volui,
1603 852 1771 936 quin·
1807 851 1946 938 ipse
1991 851 2058 916 in
2103 873 2391 916 commo-

253 957 500 1022 vendis
548 954 883 1042 judicihus
939 955 1018 1020 iis
1086 956 1248 1040 ipsis
1308 956 1642 1038 sensibuS,
1713 955 1796 1021 ad
1863 978 2025 1040 quos
2083 956 2228 1021 illos
2273 955 2391 1020 ad-

255 1061 510 1126 ducere
551 1060 808 1141 vellem,
854 1081 1284 1142 permoverer.
1375 1058 1611 1143 Neque
1656 1059 1825 1124 enim
1871 1060 2058 1124 facile
2104 1068 2204 1124 est
2245 1081 2390 1144 per-

255 1165 500 1247 ficere,
544 1174 619 1229 ut
664 1164 1014 1246 irascatur,
1084 1164 1189 1228 cui
1235 1171 1307 1228 tu
1351 1163 1550 1247 velis,
1611 1163 1851 1250 judex,
1920 1164 1976 1229 si
2017 1172 2092 1229 tu
2135 1165 2277 1250 ipse
2321 1162 2392 1228 id

256 1271 444 1336 lente
488 1270 658 1333 ferre
690 1267 984 1346 videare3
1032 1290 1244 1351 neque
1291 1276 1361 1331 ut
1403 1267 1617 1333 oderit
1646 1291 1813 1351 eum,
1860 1290 2049 1352 quem
2091 1277 2168 1333 tu
2210 1268 2392 1349 veliS,

260 1375 396 1438 nisi
452 1382 518 1437 te
578 1374 793 1457 ipsum
853 1371 1238 1458 flagrantem
1300 1371 1450 1436 odio
1498 1382 1648 1437 ante
1703 1372 1973 1451 viderit3
2041 1394 2251 1456 neque
2306 1370 2392 1436 ad

264 1476 785 1543 misericordiam
845 1475 1241 1556 adducetur,
1309 1476 1437 1542 nisi
1494 1477 1552 1541 ei
1623 1485 1698 1542 tu
1756 1477 1942 1564 signa
1997 1476 2240 1542 doloris
2296 1475 2391 1541 tui

270 1582 516 1658 verbis,
566 1580 934 1661 sententiis,
994 1601 1191 1663 voce,
1249 1580 1468 1662 vultu,
1525 1581 2071 1646 collacrimatione
2115 1579 2393 1664 denique

267 1685 657 1752 ostenderis.
749 1684 846 1752 Ut
901 1685 1071 1750 enim
1128 1685 1304 1749 nulla
1364 1685 1663 1749 materies
1722 1694 1855 1750 tam
1899 1685 2109 1751 facilis
2153 1685 2239 1750 ad
2284 1707 2393 1749 ex-

272 1790 746 1856 ardescendum
795 1799 926 1872 est,
995 1812 1194 1873 quae,
1262 1790 1388 1854 nisi
1434 1788 1697 1855 admoto
1742 1790 1911 1877 igni,
1977 1789 2194 1877 ignem
2240 1811 2395 1855 cou-

269 1896 491 1981 cipere
514 1896 755 1980 possit:
790 1895 886 1959 sic
918 1895 1098 1959 nulla
1121 1916 1302 1960 mens
1335 1903 1434 1960 est
1454 1903 1592 1959 tam
1614 1893 1698 1958 ad
1722 1891 2392 1980 comprehendendam

268 2000 404 2065 vim
438 1999 718 2064 oratoris
750 2007 998 2084 parata,
1046 2020 1212 2082 quae
1241 1998 1451 2084 possit
1479 1997 1762 2081 incendi,
1808 1998 1930 2063 nisi
1961 1996 2393 2063 inflammatus

270 2106 414 2190 ipse
466 2102 570 2167 rad
640 2126 781 2167 eam
849 2113 915 2167 et
983 2101 1219 2167 ardens
1276 2103 1651 2168 accesseris.
1753 2105 1858 2167 Ac
1913 2124 1995 2167 ne
2047 2101 2211 2168 forte
2268 2100 2393 2166 hoc

273 2230 581 2295 magnum
627 2229 703 2271 ac
734 2205 1027 2271 mirabile
1070 2228 1208 2272 esse
1242 2207 1560 2289 videatur,
1606 2207 1926 2272 homiuem
1956 2206 2151 2271 toties
2178 2205 2395 2286 irasci,

270 2313 470 2379 toties
532 2311 782 2393 dolere,
837 2310 1032 2375 toties
1089 2311 1263 2376 omni
1320 2312 1518 2377 animi
1571 2320 1750 2377 motu
1809 2311 2154 2392 concitari,
2208 2332 2396 2395 prae-

277 2418 497 2483 sertim
530 2417 598 2481 in
627 2415 822 2480 rebus
856 2414 1101 2497 alienis,
1147 2439 1381 2504 magua
1425 2416 1523 2481 vis
1553 2425 1652 2481 est
1682 2439 1902 2481 earum
1932 2414 2396 2481 sententiarum

278 2532 474 2606 atque
531 2542 756 2585 eorum
818 2520 1148 2602 locorum,
1217 2544 1381 2605 quos
1448 2543 1607 2609 agas
1660 2528 2029 2604 tractesque
2097 2516 2397 2601 diceudo,

278 2626 441 2691 nihil
509 2635 581 2689 ut
636 2646 800 2709 opus
856 2624 939 2688 sit
1008 2624 1418 2690 simulatione
1487 2633 1553 2690 et
1620 2625 1913 2690 fallaciis.
2014 2624 2172 2709 Ipsa
2227 2623 2399 2688 enim

278 2738 512 2794 natura
552 2729 860 2793 orationis
907 2732 1068 2815 ejus,
1114 2751 1278 2813 quae
1324 2729 1676 2816 suscipitur
1720 2727 1803 2795 ad
1836 2728 2109 2794 aliorum
2153 2728 2400 2793 animos

278 2833 770 2920 permovendos,
816 2842 1136 2899 oratorem
1183 2835 1396 2920 ipsum
1426 2833 1634 2921 magis
1682 2834 1897 2916 etiam,
1942 2855 2132 2917 quam
2181 2849 2402 2916 quem-

283 2960 473 3022 quam
551 2961 805 3020 eorum,
873 2939 985 3022 qui
1041 2936 1348 3020 audiunt,
1418 2940 1820 3023 permovet.“
1922 2940 2195 3001 Induere
2246 2957 2400 2999 vero

285 3041 618 3127 eleganter
674 3040 805 3105 dici
850 3040 931 3105 de
979 3040 1320 3107 affectibus
1369 3043 1507 3127 jam
1554 3041 1888 3106 Dronkius
1935 3039 2190 3122 docuit,
2249 3060 2404 3105 con-

283 3144 495 3209 ferens
539 3145 695 3209 Tac.
743 3144 917 3209 Hist.
963 3144 1086 3226 IV,
1134 3145 1250 3209 38:
1299 3167 1465 3228 quae
1512 3143 1711 3209 falsos
1759 3164 2035 3228 pavores
2082 3141 2401 3207 induerat.

281 3247 457 3313 Ibid.
491 3246 614 3329 IV,
648 3249 763 3311 57:
813 3244 1092 3313 Galbam
1138 3256 1204 3312 et
1233 3246 1511 3314 infracta
1553 3248 1798 3313 tributa
1826 3246 2094 3312 hostiles
2140 3246 2403 3331 spiritus

288 3350 602 3417 induisse.
695 3351 871 3415 Ann.
917 3349 1097 3431 XII,
1141 3352 1258 3416 40:
1316 3374 1466 3415 mox
1520 3359 1666 3415 orto
1731 3348 2004 3416 discidio
2062 3359 2127 3414 et
2186 3350 2404 3415 statim

293 3453 466 3519 bello
513 3455 705 3519 etiam
750 3454 1061 3520 adversus
1121 3463 1240 3520 nos
1299 3455 1563 3520 hostilia
1615 3454 1935 3519 induerat.
2024 3451 2145 3520 Sin
2188 3463 2403 3519 autem

288 3579 406 3644 pro
450 3560 730 3623 induerit
775 3557 1163 3623 Andresenii
1225 3561 1599 3645 conjectura
1656 3561 1931 3623 voluerit
1984 3557 2407 3643 reciperetur,

288 3661 540 3726 facilius
587 3684 733 3726 eum
779 3662 1286 3749 intelligeremus
1347 3661 1687 3744 affectum,
1749 3684 1942 3745 quem
1996 3661 2136 3747 ipse
2189 3672 2409 3727 orator

292 3764 582 3850 accipere
626 3765 924 3848 voluerit,
973 3787 1169 3849 quam
1215 3766 1425 3849 illum,
1471 3789 1664 3850 quem
1711 3773 1931 3831 orator
1975 3765 2250 3832 voluerit
2294 3790 2409 3853 po·-

290 3868 511 3954 pulum
557 3869 873 3955 accipere.

463 3971 714 4036 Eodem
760 3972 974 4059 capite
1009 3972 1314 4060 deinceps
1359 3982 1668 4039 accurata
1710 3971 2154 4056 meditataque
2201 3978 2407 4041 oratio

294 4075 644 4161 opponitur
690 4099 772 4141 ex
814 4087 1109 4163 tempore
1156 4078 1411 4143 dicendi
1455 4077 1783 4158 facultati,
1829 4079 2017 4163 cujus
2061 4077 2411 4163 praecipua

289 4178 656 4264 jucunditas
682 4181 1001 4247 laudatur.
1054 4181 1368 4267 Idemque
1399 4183 1533 4249 fere
1557 4184 1794 4266 valent,
1830 4205 1993 4266 quae
2023 4189 2407 4265 sequunturt
