3008 5000
1445 542 1877 605 -50-

614 718 858 785 oratori
903 718 1097 782 liceat
1137 716 1507 781 inchoatam
1556 737 1736 780 suam
1784 714 2136 779 orationem
2186 715 2602 796 continuare,
2649 736 2743 778 an

611 848 691 890 ex
730 821 968 910 judicis
1011 821 1522 908 interrogatione
1567 819 1820 884 initium
1869 818 2132 884 dicendi
2191 818 2577 885 sumendum
2624 821 2742 901 sit,

607 930 699 993 ita
730 937 802 992 ut
829 928 972 1012 ipsa
1015 925 1438 1012 interrogatio
1471 922 1732 989 dicendi
1764 923 1876 989 det
1906 931 2378 1010 argumentum.
2458 922 2564 987 Ex
2602 947 2742 1008 quo

608 1031 810 1096 verba
853 1039 1085 1096 vexata
1129 1053 1258 1094 non
1305 1015 1788 1114 supervacanea
1834 1049 1977 1092 esse
2023 1027 2249 1110 liquet.

787 1132 951 1220 Cap.
1001 1137 1106 1198 41.
1198 1133 1539 1198 Maternus
1570 1132 1731 1197 haec
1764 1131 2078 1214 loquitur:
2126 1129 2459 1214 „Credite,
2505 1132 2743 1216 optimi

613 1249 678 1304 et
733 1240 801 1303 in
854 1247 1167 1323 quantum
1234 1259 1402 1322 opus
1470 1245 1572 1302 est
1639 1235 2048 1300 disertissimi
2105 1236 2258 1317 viri,
2327 1235 2383 1301 si
2443 1243 2557 1300 aut
2613 1257 2741 1301 vos

612 1343 938 1429 prioribus
985 1342 1262 1409 saeculis
1309 1350 1421 1406 aut
1463 1341 1578 1423 illi,
1637 1363 1800 1425 quos
1847 1341 2175 1421 miramur,
2222 1338 2288 1404 hi
2335 1341 2470 1404 nati
2516 1349 2743 1405 essent

615 1469 693 1512 ac
738 1451 890 1512 deus
939 1451 1178 1529 aliquis
1233 1450 1404 1511 vitas
1454 1468 1533 1510 ac
1578 1455 1798 1510 vestra
1854 1438 2139 1526 tempora
2196 1454 2452 1526 repente
2498 1454 2741 1508 mutas-

613 1530 745 1628 set:
771 1574 891 1617 nec
935 1551 1119 1616 vobis
1167 1573 1416 1616 summa
1467 1550 1580 1614 illa
1637 1550 1780 1614 laus
1842 1558 1907 1614 et
1974 1548 2209 1635 gloria·
2236 1549 2303 1612 in
2362 1549 2743 1632 eloquentia

612 1677 824 1738 neque
867 1654 992 1719 illis
1038 1653 1268 1719 modus
1302 1662 1367 1718 et
1393 1661 1971 1739 temperamentum
2004 1652 2384 1717 defuisset.“
2478 1650 2742 1716 Andre—

616 1760 836 1825 senius
890 1758 1105 1823 verbis
1163 1779 1241 1823 ac
1297 1760 1449 1822 deus
1508 1760 1746 1839 aliquis
1806 1760 1975 1833 vitas
2040 1778 2119 1822 ao
2171 1765 2391 1820 vestra
2450 1766 2743 1838 tempora

617 1873 869 1945 repente
910 1871 1216 1926 mutasset
1260 1860 1434 1925 idem
1479 1860 1831 1945 significari
1875 1868 2076 1942 ratus,
2123 1859 2302 1944 quod
2346 1859 2739 1925 anteceden-

617 1967 790 2031 tibus
847 1965 1245 2047 ‚,si-essent“
1303 1964 1415 2029 illa
1488 1963 1878 2049 interpolata
1947 1986 2088 2029 esse
2159 1963 2480 2048 opinatur.
2583 1962 2738 2027 Nec

616 2080 833 2135 tamen
875 2093 1076 2135 unum
1127 2068 1430 2153 idemque
1479 2068 1732 2133 duabus
1790 2068 1892 2133 his
1939 2068 2274 2133 sententiis
2333 2066 2741 2152 exprimitur,

619 2173 937 2258 siquidem
993 2174 1210 2260 priore
1266 2181 1443 2238 aetas
1501 2181 1832 2247 oratorum
1890 2172 2202 2258 temporis
2262 2172 2623 2257 praesentis
2671 2181 2745 2236 et

619 2278 951 2362 praeteriti
998 2285 1362 2363 permutata
1406 2276 1697 2361 ponitur,
1741 2275 2101 2361 posteriore
2147 2284 2363 2342 autem
2408 2284 2745 2341 oratorum

619 2382 1054 2466 praesentium
1109 2381 1278 2444 vitae
1338 2380 1875 2464 conditionesque
1936 2379 2152 2445 subito
2211 2401 2564 2445 conversae
2631 2402 2746 2444 su-

621 2495 903 2551 muntur.

797 2587 992 2671 Quod
1037 2588 1486 2655 Andresenius
1522 2662 1525 2666 ‚
1555 2590 1636 2655 de
1696 2613 1836 2675 cap.
1887 2592 1992 2655 31.
2042 2589 2365 2675 disputat,
2423 2612 2544 2655 nos
2604 2612 2745 2654 non

625 2695 780 2759 satis
828 2694 1228 2779 dispicimus.
1322 2695 1439 2759 Ait
1497 2695 1699 2759 enim:
1758 2698 2022 2777 ideoque
2078 2696 2143 2778 (i.
2193 2718 2248 2759 e.
2295 2704 2369 2760 ut
2424 2695 2744 2782 sapientis

622 2798 881 2863 nomine
941 2820 1134 2882 quam
1191 2799 1466 2864 maxime
1524 2798 1707 2885 digni
1763 2798 2133 2882 evaderent)
2194 2809 2255 2863 et
2292 2802 2469 2880 juris
2526 2802 2745 2863 civilis

622 2905 953 2966 scientiam
1010 2911 1251 2967 veteres
1309 2912 1605 2968 oratores
1652 2905 2255 2985 comprehendebant
2313 2913 2375 2967 et
2416 2923 2739 2985 qramma—

625 3010 775 3083 tica,
824 3010 1087 3083 musica,
1127 3010 1476 3088 yeometria
1533 3009 1988 3073 imbuebantur.
2088 3007 2386 3072 Honesta
2438 3007 2739 3093 profecto

625 3121 689 3174 et
733 3108 966 3175 idonea
995 3132 1212 3192 causa,
1259 3132 1377 3175 cur
1407 3111 1603 3175 etiam
1648 3111 1740 3177 eis
1784 3111 2030 3177 artibus
2074 3119 2346 3197 pectora
2374 3111 2742 3196 implerent,

625 3235 789 3296 quae
851 3212 933 3277 ad
989 3236 1221 3279 munus
1278 3215 1628 3279 oratorium
1687 3216 1902 3300 ipsum
1959 3238 2089 3280 non
2146 3213 2533 3279 videbantur
2590 3237 2742 3299 per-

629 3319 850 3384 tinere.
955 3318 1182 3383 Nihilo
1241 3319 1453 3384 minus
1523 3321 1751 3385 harum
1818 3320 2052 3386 artium
2116 3319 2532 3385 colendarum
2587 3342 2741 3406 pro-

626 3425 800 3488 tinus
847 3422 973 3488 alia
1020 3446 1213 3489 causa
1257 3422 1521 3488 affertur
1550 3424 1739 3489 haec:
1787 3427 2072 3489 incidunt
2116 3428 2277 3489 enim
2322 3446 2559 3498 causae
2595 3428 2742 3507 plu-

629 3532 825 3592 rimae
871 3550 949 3593 ac
988 3550 1192 3610 paene
1238 3550 1480 3610 omues,
1540 3533 1605 3593 in
1651 3531 1876 3610 quibus
1907 3531 2086 3611 juris
2131 3531 2370 3593 notitia
2415 3531 2743 3593 desidera-

631 3643 762 3713 tur,
822 3636 1163 3715 pleraeque
1223 3643 1460 3714 autem,
1522 3636 1589 3697 iu
1649 3636 1873 3716 quibus
1931 3635 2087 3698 haec
2145 3636 2418 3698 scientia
2463 3636 2739 3715 requiri-

630 3744 802 3800 tur.“
892 3735 1026 3818 Qui
1089 3736 1395 3823 explicari
1464 3737 1673 3822 possit
1728 3740 1870 3802 ideo
1927 3747 2044 3820 „ut
2099 3737 2407 3823 sapientis
2478 3736 2740 3801 nomine

630 3863 823 3924 quam
867 3841 1143 3905 maxime
1203 3840 1380 3929 digni
1444 3841 1834 3907 evaderent“
1894 3865 2024 3906 non
2084 3850 2297 3929 patet,
2354 3841 2738 3927 praesertim

631 3968 828 4028 quum
873 3945 1092 4029 paullo
1141 3954 1290 4010 ante
1343 3966 1542 4028 neque
1587 3950 1746 4011 enim
1788 3950 2136 4028 sapientem
2181 3949 2593 4028 informamus
2647 3943 2742 4009 le-

630 4071 889 4136 gamus3
938 4052 1080 4114 ideo
1127 4073 1281 4137 ergo
1315 4073 1391 4115 eo
1440 4059 1714 4136 spectat,
1758 4049 1932 4134 quod
1963 4059 2177 4115 orator
2206 4048 2520 4133 quasdam
2564 4056 2740 4113 artes

630 4153 917 4234 haurire,
989 4176 1212 4218 omnes
1279 4153 1483 4219 libare
1549 4154 1778 4219 leviter
1836 4153 2047 4220 debet.
2141 4152 2480 4221 Sententia
2524 4159 2744 4217 autem

632 4258 1338 4343 „incidunt-requitur“
1384 4282 1579 4326 causa
1610 4259 1889 4340 affertur,
1939 4280 2055 4323 cur
2090 4256 2257 4343 juris
2289 4258 2497 4323 civilis
2530 4256 2745 4323 scien-
