3008 5000
1038 504 1477 574 ..33-

169 693 373 751 recte
446 685 574 751 dici
647 685 1046 772 malignitate
1107 695 1218 750 aut
1290 685 1533 751 invidia
1586 685 1908 774 judicium
1965 688 2162 752 animi
2221 686 2320 753 sui

170 789 529 876 detegere,
577 790 882 872 quoniam
930 791 1039 872 qui
1075 790 1256 855 alteri
1293 790 1601 873 invideat,
1650 794 1786 877 ejus
1817 791 2109 874 virtutes,
2158 794 2319 875 quas

167 894 425 958 intimo
507 896 721 958 animo
793 893 1180 977 admiretur,
1258 919 1326 960 se
1397 896 1703 961 admirari
1772 919 2102 980 nunquam
2167 921 2319 982 pro-

170 999 496 1081 fiteatur,
554 1021 754 1082 quare
811 1007 1145 1063 auctorem
1191 1023 1385 1084 posse
1433 1001 1596 1066 haec
1646 1002 2017 1086 scripsisse:
2070 1003 2319 1083 „solum

169 1103 367 1167 inter
428 1103 549 1167 hos
609 1102 891 1167 arbitror
939 1103 1214 1167 Brutum
1273 1127 1399 1168 non
1458 1105 1859 1193 malignitate
1914 1128 2035 1171 nec
2079 1107 2322 1171 invidia

176 1217 565 1271 commotum
636 1227 808 1287 esse,
890 1206 1004 1270 sed
1077 1207 1456 1292 simpliciter
1528 1219 1592 1273 et
1637 1210 1938 1296 'ingenue
1999 1210 2320 1296 judicium

175 1312 397 1376 animi
459 1312 557 1376 sui
620 1310 1004 1376 detexisse.“
1100 1313 1192 1376 At
1239 1322 1464 1378 auctor
1513 1313 1753 1400 dialogi
1800 1338 1931 1378 non
1983 1315 2321 1401 „maligni-

173 1424 325 1480 tate
392 1425 502 1480 aut
561 1415 807 1480 invidia
856 1415 1175 1502 judicium
1239 1418 1435 1481 animi
1493 1417 1592 1481 sui
1640 1417 1987 1505 detegere“
2035 1418 2152 1484 sed
2197 1442 2323 1484 non

178 1523 601 1602 maliym'tate
647 1542 763 1584 nec
807 1523 1052 1584 invidia
1101 1528 1221 1584 cet.
1275 1522 1556 1606 scripsit.
1650 1522 1907 1587 Deinde
1963 1534 2323 1588 commotum

181 1648 337 1691 esse
398 1650 529 1691 non
591 1625 819 1706 habet,
877 1648 1011 1709 quo
1063 1635 1315 1710 spectet
1369 1628 1496 1692 nisi
1544 1626 1806 1710 eodem,
1865 1650 1994 1712 quo
2040 1630 2324 1714 pertinet

179 1755 321 1798 non
386 1737 785 1814 maliynitate
841 1754 954 1796 nec
1009 1735 1273 1797 invidia.
1383 1730 1562 1813 Quid
1616 1733 1815 1818 igitur
1873 1733 1997 1798 isto
2061 1735 2321 1819 supple-

182 1844 419 1902 mento
467 1837 732 1901 criticus
782 1846 1002 1900 noster
1048 1835 1437 1922 profecerit?
1498 1837 1685 1901 Nihil
1733 1846 1947 1902 autem
1997 1838 2326 1922 scriptura

186 1940 396 2006 codd.
468 1942 786 2027 integrius
861 1951 991 2023 est,
1063 1962 1255 2024 quam
1317 1941 1629 2026 explices:
1702 1964 1829 2006 non
1886 1947 2160 2024 malique
2213 1966 2325 2007 nec

185 2049 519 2110 invidiose
587 2050 703 2110 sed
773 2054 894 2112 cet.
1008 2045 1112 2110 De
1175 2069 1307 2109 cum
1365 2047 1844 2132 praepositione
1900 2048 2139 2112 omissa
2186 2050 2323 2134 jam

185 2150 464 2234 Zumpt.
513 2173 782 2235 gramm.
831 2149 938 2213 lat.
990 2149 1212 2232 §472
1263 2150 1593 2234 copiosius
1641 2148 2016 2235 disputavit.

380 2253 632 2318 Eodem
692 2276 832 2338 cap.
893 2254 960 2317 in
1018 2252 1268 2318 verbis:
1335 2253 1552 2339 „quod
1614 2255 1694 2319 ad
1742 2253 1882 2320 Ser.
1934 2254 2214 2321 Galbam
2261 2264 2326 2318 et

193 2356 286 2424 C.
334 2357 635 2422 Laelium
682 2358 943 2439 attinet,
991 2367 1055 2421 et
1102 2358 1156 2422 si
1203 2379 1364 2441 quos
1413 2358 1573 2423 alios
1621 2359 2030 2442 antiquorum
2078 2357 2324 2444 agitare

192 2485 342 2527 non
392 2461 680 2528 destitit“
731 2460 1182 2528 Andresenius
1233 2462 1360 2527 duo
1408 2463 1644 2528 menda
1689 2464 1886 2529 latere
1935 2463 2323 2548 suspicatur.

192 2568 356 2633 Etsi
404 2590 930 2652 unumquemque
982 2567 1322 2632 consilium
1370 2568 1569 2632 totius
1617 2567 1968 2634 Messallae
2016 2567 2326 2633 orationis

195 2670 724 2737 considerantem
777 2696 927 2736 mox
973 2672 1451 2737 intellecturum
1502 2672 1834 2756 concedit,
1895 2674 2152 2758 Aprum
2198 2671 2328 2736 dici

193 2776 601 2862 implacabili
667 2778 817 2842 odio
889 2776 1190 2860 antiquos
1247 2771 1586 2863 agitasse,‘
1636 2778 1783 2842 ideo
1840 2787 2089 2860 tamen,
2151 2774 2329 2861 quod

195 2882 484 2947 Nastius
553 2883 749 2948 vertit
819 2885 1052 2967 „brnen
1123 2887 1275 2964 ‘Rvet
1336 2884 1393 2961 fo
1456 2903 1558 2968 gar
1617 2884 1748 2949 iibe1
1808 2884 2137 2962 111itfnielt⁰
2195 2905 2323 2946 non

199 2985 468 3051 dubitat
527 2986 811 3052 scribere
875 2996 980 3067 „et
1040 2988 1094 3051 si
1156 3009 1318 3069 quos
1377 2987 1793 3070 antiquorum
1853 2990 2024 3069 Aper
2081 2985 2324 3072 agitare

197 3115 342 3156 non
391 3089 699 3155 destitit.“
794 3091 942 3155 Hac
989 3099 1206 3156 tamen
1253 3091 1486 3155 lacuna
1534 3091 1835 3175 suppleta
1879 3113 2008 3154 non
2057 3097 2324 3154 conten-

198 3204 313 3261 tus
393 3195 621 3261 etiam·
657 3218 882 3261 vocem
958 3200 1360 3279 antiquorum
1427 3195 1664 3259 mutari
1734 3194 1874 3259 vult
1943 3217 2089 3259 cum
2161 3198 2327 3258 anti-

200 3304 517 3383 quiorum,
567 3301 720 3384 quia
765 3299 1013 3384 antiqui
1059 3308 1311 3366 tantum
1344 3301 1759 3364 nominentur
1790 3296 2024 3363 Cicero
2058 3300 2326 3384 ejusque

207 3404 515 3488 aequales
562 3413 755 3488 atque
803 3404 979 3469 solus
1026 3404 1208 3488 Aper
1253 3403 1437 3468 aliter
1484 3404 1739 3467 sentiat.
1833 3402 1928 3465 At
1971 3425 2101 3465 non
2133 3400 2325 3466 modo

210 3531 361 3595 cap.
414 3511 515 3573 16.
575 3532 614 3572 a
658 3508 972 3573 Messalla
1017 3508 1500 3573 Demosthenes
1549 3518 1613 3572 et
1656 3505 2029 3593 Hyperides
2084 3505 2330 3589 antiqui

202 3623 562 3695 vocantur,
607 3636 831 3677 verum
880 3613 1069 3677 etiam
1117 3636 1197 3676 ex
1242 3612 1424 3677 initio
1472 3613 1666 3692 hujus
1717 3634 1858 3696 cap.
1894 3612 1999 3675 25.
2049 3633 2327 3697 cognos-

206 3718 420 3782 cimus
480 3716 862 3781 Messallam
933 3739 1158 3782 omnes
1215 3740 1326 3781 eos
1387 3717 1551 3781 velle
1625 3716 1924 3800 antiquos
1999 3714 2329 3801 appellari,

207 3823 322 3907 qui
381 3829 529 3886 ante
586 3830 844 3886 centum
904 3845 1108 3887 annos
1166 3822 1462 3886 vixerint.
1568 3822 1751 3906 Aper
1808 3829 2035 3885 contra
2092 3842 2330 3884 nomen

208 3927 461 4011 antiqui
508 3924 812 3991 Ciceroni
874 3928 1144 4012 ejusque
1192 3926 1569 4009 aequalibus
1616 3949 1749 3990 non
1798 3923 2119 4005 concedit,
2177 3921 2352 3993 dum„

210 4030 410 4096 ceteri
469 4029 915 4114 colloquentes
970 4033 1106 4116 jam
1155 4027 1539 4094 Ciceronem
1598 4029 1877 4113 antiquis
1925 4025 2330 4115 temporibus

212 4134 618 4200 adscribunt.
709 4134 924 4199 Nemo
970 4135 1168 4221 igitur
1214 4133 1475 4198 infitiari
1522 4134 1734 4219 possit
1779 4132 2160 4197 Messallam
2207 4130 2333 4194 hoc

211 4239 362 4305 loco
412 4238 559 4305 Ser.
601 4238 880 4307 Galbam
939 4249 1005 4305 et
1050 4237 1124 4304 C.
1172 4238 1471 4305 Laelium
1533 4261 1784 4303 summo
1836 4239 1985 4323 jure
2032 4236 2333 4319 antiquos

1998 4350 2031 4403 3
