3008 5000
1477 450 1916 514 -10-

640 624 769 713 legi
812 624 985 689 vult:
1045 621 1349 707 „quando
1405 623 1577 689 enim
1624 629 1967 690 rarissima
2022 627 2243 690 harum
2300 625 2760 691 recitationum

635 732 830 812 fama,
890 751 1053 813 quae
1101 727 1388 812 quotidie
1436 753 1474 793 a
1519 730 1727 814 poetis
1786 730 1866 808 in
1911 731 2033 794 hac
2089 731 2251 796 urbe
2308 731 2761 814 instituuntur,

638 843 702 899 et
749 834 828 899 de
876 833 1113 918 quibus
1162 857 1358 919 supra
1405 843 1492 917 (c.
1543 836 1613 919 9)
1659 834 1916 900 locutus
1963 858 2130 917 sum,
2176 854 2346 903 mcum
2395 836 2593 921 bringt
2640 836 2762 903 ci11⁵

638 944 756 1007 mal
815 941 906 1006 bie
966 941 1023 1019 fo
1085 939 1350 1021 fndtlicbe
1404 941 1615 1008 Ruube
1673 955 1790 1007 nou
1850 941 2037 1020 biefen
2084 942 2489 1026 Qotlefungen
2544 940 2607 1008 in
2666 941 2763 1007 bie

638 1064 810 1129 gange
844 1045 1054 1112 &abt
1075 1045 1102 1077 ‘¹
1193 1044 1442 1128 Ecquis
1474 1051 1692 1109 tamen
1735 1055 1994 1130 praeter
2029 1044 2505 1111 Andresenium
2536 1050 2764 1110 harum

637 1148 852 1213 adhuc
912 1147 996 1212 ad
1059 1171 1197 1234 cap.
1248 1151 1286 1213 9
1351 1148 1631 1214 referat?
1721 1149 2070 1215 Praeterea
2125 1151 2285 1215 istas
2342 1150 2762 1215 recitationes

639 1253 1192 1337 frequentissimas
1238 1254 1440 1319 fuisse
1473 1254 1887 1319 notissimum
1934 1264 2054 1337 est,
2102 1255 2519 1339 quamobrem
2565 1255 2760 1320 etiam

640 1359 909 1423 nuntius
957 1381 1176 1424 earum
1209 1360 1435 1443 nequit
1477 1359 1846 1425 rarissimus
1877 1360 2079 1426 fuisse
2127 1369 2192 1424 et
2237 1360 2291 1425 si
2332 1361 2565 1425 fuisset
2608 1384 2756 1445 per-

639 1486 848 1547 rarUS‚
894 1486 1118 1529 rursus
1151 1465 1396 1529 auctori
1428 1488 1738 1548 quaerere
1771 1489 1902 1530 non
1931 1465 2244 1547 licuisset,
2291 1465 2552 1549 quando
2583 1464 2763 1531 idem

635 1570 704 1634 in
749 1578 950 1635 totam
996 1569 1224 1634 urbem
1271 1580 1589 1654 penetret.
1682 1571 1985 1655 Denique
2039 1579 2214 1636 totus
2260 1571 2367 1635 hic
2411 1572 2675 1636 nuntius
2722 1595 2765 1634 a

639 1673 853 1739 verbis
903 1685 1037 1739 tam
1095 1674 1702 1761 praegredientibus
1764 1698 1955 1759 quam
2012 1675 2502 1760 insequentibus
2562 1698 2762 1760 quam

639 1778 916 1844 maxime
964 1779 1213 1845 alienus
1261 1790 1378 1844 est.

817 1882 1069 1947 Eodem
1118 1884 1327 1967 capite
1360 1882 1588 1947 medio
1635 1884 1798 1949 haec
1844 1885 2149 1971 legimus:
2211 1908 2374 1971 „ego
2422 1906 2576 1948 vero
2623 1907 2764 1947 om-

639 2010 785 2051 nem
834 1986 1270 2070 eloquentiam
1320 2011 1674 2071 omnesque
1736 1991 1874 2075 ejus
1919 2000 2140 2075 partes
2186 2010 2403 2054 sacras
2457 1998 2522 2052 et
2567 2010 2765 2052 vene-

639 2088 873 2154 rabiles
918 2100 1100 2175 put0,
1147 2113 1268 2157 nec
1317 2092 1523 2157 solum
1573 2093 1964 2157 cothurnum
2014 2104 2303 2159 vestrum
2359 2102 2470 2157 aut
2514 2092 2764 2157 heroici

642 2194 942 2260 carminis
990 2218 1244 2278 sonum,
1305 2196 1422 2261 sed
1466 2198 1823 2283 lyricorum
1878 2220 2133 2281 quoque
2170 2196 2650 2282 jucunditatem
2695 2207 2767 2260 et

639 2298 972 2386 elegorum
1028 2300 1328 2365 lascivias
1400 2310 1465 2364 et
1512 2300 1882 2387 jamborum
1950 2301 2440 2366 amaritudinem
2500 2312 2566 2366 et
2624 2302 2765 2386 epi-

640 2411 1065 2489 grammatum
1124 2405 1306 2469 lusus
1374 2413 1439 2469 et
1497 2427 1946 2488 quamcunque
2014 2405 2203 2471 aliam
2272 2406 2557 2492 speciem
2627 2407 2767 2470 elo-

644 2509 909 2591 quentia
976 2508 1205 2592 habet‚
1272 2511 1790 2596 anteponendam
1870 2513 2103 2577 ceteris
2182 2512 2450 2577 aliarum
2527 2513 2767 2576 artium

643 2611 878 2679 studiis
928 2613 1188 2680 credo.“
1283 2615 1732 2682 Andresenius
1779 2616 1906 2680 hoc
1951 2616 2098 2680 loco
2145 2615 2412 2681 offendit
2467 2616 2534 2681 in
2579 2617 2769 2702 pleo-

642 2738 869 2782 nasmo
936 2717 1281 2782 verborum
1361 2723 1590 2784 ceteris
1658 2723 1931 2783 aliarum
1998 2725 2233 2784 artium
2298 2724 2552 2785 studita.
2665 2720 2771 2784 At

643 2842 842 2905 supra
899 2843 1042 2906 cap.
1090 2825 1133 2885 4
1195 2823 1668 2908 „patrocinium
1725 2822 2171 2890 defendendae
2226 2826 2563 2910 poetioae“
2622 2826 2771 2889 sine

643 2924 999 2990 offensione
1046 2926 1208 3012 legit
1254 2936 1320 2990 et
1355 2929 1492 3012 jam
1540 2925 1884 2993 Schulzius
1940 2952 2062 2994 nos
2121 2930 2374 3009 docuit,
2431 2939 2771 2995 auctorem

641 3036 937 3093 nostrum
986 3029 1276 3094 crebrius
1308 3029 1439 3094 duo
1468 3031 1790 3096 vocabula
1834 3033 1939 3098 vel
1982 3033 2154 3099 idem
2200 3034 2324 3098 vel.
2350 3034 2559 3098 simile
2605 3033 2771 3118 quid

645 3133 1043 3199 declarantia
1088 3134 1393 3221 copulare
1439 3134 1535 3200 uti
1584 3137 1934 3216 „memoria
1978 3159 2055 3203 ac
2099 3138 2548 3204 recordatione
2595 3160 2651 3206 c.
2704 3142 2768 3221 1,

643 3246 895 3303 veteres
942 3246 1007 3303 et
1053 3259 1240 3303 senes
1288 3260 1343 3302 c.
1395 3241 1469 3321 6,
1523 3249 1744 3305 vetera
1789 3250 1855 3306 et
1898 3243 2163 3325 antiqua
2220 3264 2275 3306 c.
2331 3244 2433 3322 15,
2495 3243 2598 3323 16,
2661 3245 2768 3324 17,

644 3364 812 3406 nova
857 3350 923 3406 et
967 3343 1253 3407 recentia
1297 3364 1353 3407 c.
1404 3345 1467 3425 6,
1516 3346 1579 3425 8,
1639 3347 2032 3430 conjuugere
2089 3353 2155 3409 et
2189 3343 2502 3431 vcopulare
2550 3367 2605 3409 o.
2660 3348 2768 3427 17,

644 3444 895 3530 plenior
940 3455 1006 3510 et
1050 3445 1336 3527 uberior,
1380 3446 1641 3512 inflatus
1688 3457 1753 3513 et
1797 3457 2054 3513 tumens
2103 3469 2157 3512 c.
2194 3449 2307 3529 18,
2361 3447 2651 3515 invidere
2697 3460 2769 3513 et

643 3547 843 3613 livere
890 3570 946 3613 c.
996 3550 1114 3631 25,
1182 3548 1500 3614 modestia
1555 3571 1634 3614 ac
1702 3550 1983 3635 pudore,
2054 3551 2122 3616 in
2182 3551 2513 3636 publicum
2571 3560 2637 3615 et
2691 3551 2764 3614 in

647 3674 988 3718 commune
1047 3676 1104 3720 c.
1153 3655 1301 3719 26.“
1408 3653 1630 3736 Quare
1686 3655 2133 3741 pleonasmum
2190 3655 2366 3741 apud
2432 3666 2765 3721 auctorem

646 3766 941 3823 nostrum
972 3757 1403 3840 tolerandum,
1447 3782 1656 3842 neque
1686 3759 2036 3826 lectionem
2068 3761 2398 3847 vulgatam
2429 3782 2575 3825 cum
2607 3781 2767 3824 con-

644 3865 899 3948 jectura
967 3864 1532 3947 „anteponendam
1582 3866 1816 3930 ceteris
1876 3870 2176 3931 altiorum
2242 3866 2474 3929 artium
2531 3864 2765 3929 studiis

651 3964 888 4030 credo“
938 3966 1432 4051 permutandam
1480 3988 1733 4033 censeo,

825 4065 987 4154 Cap.
1061 4071 1162 4133 15.
1232 4069 1446 4136 medio
1514 4070 1907 4137 invenimus:
1980 4081 2087 4155 „et
2131 4070 2310 4154 quod
2378 4069 2765 4154 quibusdam

649 4172 880 4239 solatio
939 4181 1068 4254 est,
1129 4174 1281 4239 mihi
1341 4184 1539 4261 auget
1593 4177 2071 4259 quaestionem,
2119 4175 2270 4258 quia
2327 4174 2516 4240 video
2572 4177 2766 4241 etiam
