3008 5000
1415 476 1845 540 ...48—

568 676 758 737 quam
805 652 1156 739 sanguinis.
1222 651 1527 735 ,Locum‚
1558 661 1632 716 ut
1662 651 1941 734 videtur,
1975 662 2351 740 corruptum
2384 653 2692 739 permulti

570 781 800 823 sanare
837 757 1244 824 studuerunt.
1291 756 1741 821 Andresenius
1769 760 1917 821 bilis
1944 758 2413 823 restituendum
2439 768 2689 840 censet,

565 862 737 945 quod
773 861 1034 946 quidem
1066 885 1196 926 non
1230 861 1438 926 solum
1466 860 1913 946 Wopkensius
1947 861 2060 926 sed
2093 863 2284 926 etiam
2319 862 2689 927 Drueckius

565 975 715 1030 ante
774 989 920 1030 eum
989 966 1278 1051 protulit.
1392 964 1589 1029 Hanc
1658 974 1874 1030 tamen
1949 969 2388 1052 conjecturam
2457 989 2687 1053 parum

563 1071 972 1135 verisimilem
1014 1070 1387 1156 judicantes
1436 1092 1557 1134 nos
1603 1071 1821 1155 potius
1869 1075 1996 1136 viri
2042 1071 2122 1135 ab
2170 1080 2431 1135 auctore
2481 1073 2689 1155 scrip-

562 1184 699 1240 tum
769 1176 970 1240 fuisse
1043 1197 1190 1239 cum
1258 1173 1726 1239 Luenemanno
1799 1177 2229 1261 suspicamur.
2335 1174 2527 1240 Certe
2596 1175 2687 1256 id,

566 1279 743 1362 quod
793 1303 910 1364 per
956 1301 1025 1343 se
1064 1282 1201 1364 jam
1247 1279 1439 1365 longe
1487 1278 1891 1363 probabilius
1939 1288 2058 1357 est,
2103 1281 2171 1344 in
2220 1278 2522 1345 Cassium
2570 1278 2687 1346 Se-

565 1407 803 1448 verum‘
868 1385 1126 1470 egregie
1198 1383 1503 1467 quadrat,
1583 1383 1697 1466 ‘qui
1780 1384 2135 1449 secundum
2208 1381 2687 1465 Quintilianum

563 1488 687 1573 (X,
743 1492 799 1570 1,
853 1491 1006 1571 117)
1053 1489 1215 1552 mira
1261 1498 1398 1551 erat
1443 1488 1796 1552 acerbitate
1844 1499 1910 1552 et
1941 1490 2085 1573 plus
2119 1489 2456 1553 stomacho
2492 1513 2687 1573 quam

565 1593 838 1657 consilio
888 1592 1103 1657 dabat.
1195 1592 1559 1657 Evomebat
1603 1592 1802 1678 igitur
1831 1594 2035 1658 virius
2083 1594 2458 1658 acerbitatis
2508 1616 2686 1675 suae,

567 1698 1112 1781 quemadmodum
1159 1698 1421 1763 locutus
1470 1706 1571 1764 est
1617 1696 1853 1764 Cicero
1898 1700 2079 1763 Lael.
2128 1702 2233 1765 23.

690 1887 693 1890 Ἴ
737 1804 814 1868 In
865 1803 1081 1869 verbis
1131 1803 1365 1868 deinde
1412 1803 1945 1869 succedentibus:
2011 1815 2363 1887 „ceterum‚
2411 1815 2482 1868 ut
2529 1803 2685 1885 dixi,

565 1908 981 1991 sequentibus
1032 1916 1442 1993 comparatus
1490 1917 1554 1973 et
1600 1909 1907 1972 varietate
1957 1909 2334 1974 eruditionis
2368 1917 2432 1973 et
2461 1909 2687 1992 lepore

569 2010 957 2076 urbanitatis
1016 2021 1082 2077 et
1136 2012 1424 2097 ipsarum
1479 2013 1713 2076 virium
1784 2012 2019 2077 robore
2091 2014 2366 2077 multum
2434 2020 2686 2076 ceteros

565 2122 872 2203 superat“
954 2139 1116 2200 quae
1182 2116 1458 2182 Nastius
1523 2118 1613 2181 ita
1679 2118 2142 2203 interpretatus
2211 2128 2339 2182 est:
2411 2118 2686 2200 iibriqcuss

564 2222 851 2304 fibertrifft
899 2243 973 2304 er!
1023 2223 1127 2287 mie.
1186 2211 1419 2308 gesugtj
1484 2223 1544 2288 in
1604 2223 2021 2307 Qerglcicvung
2093 2224 2197 2288 mit
2263 2223 2446 2299 {einen
2506 2225 2689 2294 muchs

564 2329 786 2413 folgeru
836 2346 912 2394 un
959 2328 1432 2413 mutuigr‘altiger
1466 2326 1875 2409 Qiffenfcbuft,
1925 2347 1998 2393 un
2034 2331 2229 2400 ecbrem
2265 2328 2530 2393 ffsselttou
2568 2328 2685 2392 nub

563 2433 722 2511 {abst
767 2451 839 2497 un
875 2431 1095 2497 limeret
1130 2431 1341 2499 &Cute
1379 2432 1664 2511 bieselbcu
1699 2433 2041 2513 unqmueuffl
2077 2431 2238 2495 haec
2271 2430 2687 2495 Andresenio

567 2559 763 2602 sanae
809 2537 1043 2601 rationi
1091 2536 1421 2602 adversari
1465 2535 1770 2601 videntur
1815 2539 2218 2619 sequentibus
2254 2545 2690 2618 comparatus-

569 2653 812 2706 ceteros
844 2651 1106 2723 superat
1138 2651 1202 2706 et
1234 2663 1434 2724 quum
1467 2651 1713 2705 ceteros
1748 2662 1875 2704 non
1907 2640 2273 2705 vexandum
2308 2641 2393 2704 sit
2417 2649 2692 2726 propter

567 2768 845 2830 sequens
917 2746 1318 2810 enuntiatum
1385 2745 1724 2810 relativum
1794 2767 1991 2810 voces
2059 2748 2461 2827 sequentibus
2525 2767 2689 2811 com·

559 2862 831 2934 paratus
879 2850 960 2915 ab
1006 2852 1468 2937 interpolatore
1514 2852 1789 2916 insertas
1846 2850 2189 2915 existimat.
2294 2848 2412 2916 Sin
2472 2858 2690 2914 autem

566 2956 708 3041 ipse
756 2955 1079 3039 concedit,
1113 2955 1440 3021 scribendi
1473 2955 1707 3019 rationi
1737 2956 2025 3020 auctoris
2057 2955 2263 3019 nostri
2296 2955 2689 3040 scripturam

570 3060 900 3147 vulgatam
944 3084 1076 3125 non
1123 3083 1507 3147 repugnare,
1554 3061 1627 3141 si,
1644 3060 1860 3125 cuncti
1894 3059 2153 3125 codices
2188 3083 2327 3125 eam
2361 3059 2690 3141 exhibent,

570 3164 743 3229 unde
791 3164 1062 3230 eandem
1108 3164 1563 3250 interpolatam
1611 3187 1753 3230 esse
1798 3163 2093 3230 noverit?

748 3267 1033 3335 Similem
1082 3269 1429 3334 verborum
1479 3270 2013 3355 compositionem
2063 3291 2139 3333 ac
2186 3292 2329 3354 cap.
2380 3270 2517 3335 36.=
2567 3269 2692 3333 etsi

570 3374 802 3438 horum
866 3397 1123 3458 quoque
1183 3384 1553 3459 temporum
1600 3360 1930 3454 oratores,
2003 3384 2219 3437 tamen
2281 3373 2431 3438 illa“
2495 3374 2693 3438 etiam

568 3499 710 3564 cap.
761 3479 864 3543 38.
925 3479 1096 3543 init:
1160 3479 1496 3561 „Transeo
1555 3477 1638 3543 ad
1694 3478 1966 3542 formam
2027 3486 2092 3542 et
2150 3476 2691 3542 consuetudinem

565 3593 838 3648 veterum
896 3582 1321 3669 judiciorum,
1401 3605 1566 3667 quae
1638 3583 1761 3648 etsi
1827 3606 1998 3647 nunc
2069 3583 2280 3667 aptior
2348 3582 2688 3663 exstiterit,

568 3688 1003 3772 eloquentiam
1049 3696 1266 3752 tameu
1311 3687 1472 3752 illud
1518 3689 1730 3753 forum
1779 3688 1987 3774 magis
2046 3686 2435 3752 exercebat“
2491 3684 2692 3750 habe-

567 3815 730 3857 mus.
825 3791 1273 3858 Andresenius
1305 3815 1459 3857 vero
1492 3793 1861 3877 explicans:
1911 3792 2161 3874 „forma
2192 3800 2258 3855 et
2289 3788 2691 3856 consuetudo

567 3906 858 3962 veterum
897 3896 1292 3983 judiciorum
1343 3919 1491 3962 cum
1550 3920 1724 3962 nunc
1782 3898 1993 3982 aptior
2038 3897 2297 3961 veritati
2344 3919 2485 3961 esse
2532 3894 2693 3959 dici-

565 4010 700 4084 tur,
771 4001 941 4065 hanc
1011 4002 1398 4067 sententiam
1469 4011 1699 4066 contra
1766 4024 1833 4066 se
1889 4002 2097 4087 ipsam
2166 4024 2453 4087 pugnare
2500 4021 2692 4063 nemo

566 4130 699 4171 non
741 4106 1053 4193 negabit“
1112 4130 1338 4174 vocem
1393 4119 1668 4173 veterum
1725 4105 2062 4172 delendam
2122 4128 2263 4171 esse
2320 4106 2690 4172 arbitratur.

568 4213 662 4277 At
707 4211 772 4275 in
822 4209 1081 4300 dialogo
1113 4235 1243 4278 non
1292 4222 1425 4278 tam
1458 4212 1623 4277 ratio
1655 4211 2077 4298 grammatica
2122 4232 2315 4294 quam
2346 4210 2692 4275 verborum
