3008 5000
1470 495 1910 558 „46-

634 691 813 734 sema
843 669 1409 756 exstinguendum,
1456 679 1529 734 ut
1558 669 1985 735 Heumannus
2035 671 2306 755 putavit,
2356 672 2460 736 cui
2490 671 2769 738 Andre-

630 775 845 840 senins
893 775 1323 861 adstipulatus
1372 784 1504 854 est,
1554 799 1633 839 an
1681 784 1754 840 ut
1800 775 1880 839 ab
1930 786 2191 840 auctore
2253 779 2565 861 scriptum
2617 801 2772 843 ser-

629 879 910 943 vandum
973 880 1076 946 sit.
1190 877 1357 944 Sunt
1413 901 1569 942 vero
1629 883 1975 959 fastidiunt
2042 889 2106 943 et
2167 884 2432 945 oderunt
2487 883 2767 947 minime

630 1007 1015 1070 synonyma,
1064 982 1179 1047 sed
1226 984 1497 1047 alterum
1547 984 1748 1048 altero
1795 984 1999 1049 mnlto
2057 985 2202 1069 plus
2249 986 2453 1066 valet,
2512 996 2584 1050 ut
2642 987 2767 1050 hic

631 1089 906 1154 similem
993 1087 1237 1152 habeas
1323 1087 1771 1174 gradationem
1848 1098 2039 1172 atque
2133 1088 2305 1172 apud
2399 1089 2764 1155 Horatium

626 1193 761 1260 Sat.
808 1193 861 1276 I,
909 1195 972 1274 4,
1020 1194 1123 1256 33.
1195 1190 1444 1258 Omnes
1492 1192 1559 1256 hi
1605 1200 1900 1257 metuunt
1945 1215 2205 1274 versus,
2253 1192 2448 1258 odere
2494 1205 2763 1279 poetaS.

802 1297 1035 1381 Neque
1092 1319 1231 1381 cap.
1285 1297 1624 1379 28.:„,sic
1683 1295 2054 1362 Corneliam
2105 1297 2593 1378 Gracchorum,
2653 1301 2763 1363 sic

625 1402 956 1466 Aureliam
990 1400 1313 1482 Caesaris,
1362 1403 1457 1465 sic
1492 1404 1715 1465 Atiam
1750 1402 2031 1488 Augusti
2067 1411 2335 1465 matrem
2385 1404 2759 1487 praefuisse

625 1506 1121 1572 educationibus
1155 1529 1229 1570 ac
1263 1506 1651 1591 produxisse
1686 1508 2013 1593 principes
2046 1507 2283 1571 liberos
2327 1509 2757 1593 accepimus“

548 1628 552 1631 “
623 1635 859 1676 nomen
906 1622 1165 1676 matrem
1224 1611 1411 1675 nobis
1460 1635 1830 1699 expungere
1893 1611 2047 1676 licet
2106 1621 2179 1675 ut
2225 1609 2516 1697 Sauppio
2563 1637 2757 1698 prae-

624 1724 817 1781 eunte
848 1715 1297 1780 Andresenius
1327 1717 1669 1802 praecipit.
1759 1717 1910 1780 Hoc
1957 1716 2126 1780 enim
2170 1726 2498 1801 expuncto
2545 1717 2753 1783 dictio

626 1820 934 1885 evaderet
979 1843 1290 1906 perquam
1341 1821 1520 1884 mira.
1615 1821 1721 1885 An
1771 1820 2112 1904 quisquam
2162 1820 2397 1904 probet
2448 1824 2755 1889 Cornelia

625 1928 1075 2005 Gracchorum,
1127 1928 1388 1988 Aurelia
1440 1927 1770 2001 Caesaris,
1821 1929 1972 1988 Atia
2008 1928 2279 2005 Auyusti
2324 1929 2753 2006 praefuerunt

621 2032 1148 2093 educationibus?
1238 2025 1416 2109 Quid
1463 2052 1581 2092 nos
1633 2026 2035 2111 Corneliam,
2095 2029 2459 2111 Aureliam,
2521 2030 2750 2093 Atiam

620 2143 858 2198 matres
908 2132 1146 2197 habere
1196 2131 1434 2218 cogat?
1527 2132 1673 2196 Nec
1722 2132 1937 2197 omisit
1993 2132 2192 2217 igitur
2237 2134 2460 2196 matris
2508 2156 2748 2197 nomen

619 2235 854 2303 Cicero
910 2237 1095 2302 Brut.
1155 2239 1294 2301 27.:
1364 2237 1522 2301 Fuit
1590 2235 1934 2301 Gracchus
2005 2236 2341 2322 diligentia
2399 2234 2750 2303 Corneliae

619 2343 844 2407 matris
893 2365 929 2404 a
974 2364 1176 2426 puero
1226 2341 1459 2406 doctus
1509 2349 1573 2404 et
1618 2341 1868 2427 graecis
1924 2341 2160 2406 litteris
2211 2341 2525 2405 eruditus.
2623 2341 2748 2406 Vi—

618 2447 835 2513 cissim
895 2470 1049 2511 vero
1110 2470 1235 2512 vox
1294 2449 1775 2512 educationibus
1834 2445 2342 2511 additamentum
2403 2448 2753 2512 liberorum

614 2576 744 2617 non
786 2552 1132 2635 desiderat,
1180 2552 1333 2637 quia
1378 2553 1504 2617 hoc
1560 2574 1793 2616 nomen
1836 2554 1902 2616 in
1951 2552 2154 2617 altera
2200 2553 2513 2616 enuntiati
2559 2562 2750 2637 parte

615 2663 724 2736 (ac
764 2661 1157 2740 produxisse
1200 2662 1528 2740 principes
1577 2660 1847 2733 liberos)
1896 2657 2065 2721 inest
2096 2666 2290 2741 atque
2328 2660 2465 2743 jam
2513 2657 2597 2720 ob
2628 2681 2752 2721 vo—

618 2762 912 2827 cabulum
963 2772 1224 2826 matrem
1252 2762 1348 2826 ‘de
1397 2760 1895 2826 educationibus
1942 2761 2214 2826 aliorum
2261 2783 2339 2825 ac
2384 2761 2749 2827 liberorum

617 2867 891 2953 cogitari
939 2867 1183 2950 nequit.

790 2972 895 3036 De
954 2972 1098 3035 loco
1160 2994 1302 3055 cap.
1358 2973 1492 3038 10.:
1569 2992 1816 3053 „neque
1876 2993 2086 3034 meum
2145 2969 2322 3033 hunc
2368 2991 2744 3035 sermonem

613 3078 707 3142 sic
754 3077 959 3161 accipi
994 3076 1164 3156 volo,
1195 3086 1504 3160 tanquam
1537 3097 1670 3157 eos,
1703 3076 1937 3159 quibus
1970 3086 2200 3139 natura
2230 3097 2350 3140 sua
2382 3074 2742 3139 oratorium

608 3181 939 3266 ingenium
1003 3180 1380 3266 denegavit,
1452 3180 1810 3245 deterream
1869 3203 1905 3243 a
1970 3178 2405 3243 carminibus“
2475 3177 2742 3242 Andre—

608 3284 827 3350 senius
875 3306 1071 3349 voces
1117 3284 1341 3349 inanes
1386 3283 1699 3349 fundens:
1750 3283 1867 3364 „In
1917 3282 2039 3365 his,
2084 3282 2314 3366 inquit,
2346 3303 2465 3346 sua
2495 3304 2738 3366 prono-

607 3412 754 3454 men
826 3390 1156 3454 communi
1226 3387 1558 3476 cogitandi
1614 3410 1690 3452 ac
1753 3386 2011 3450 dicendi
2080 3386 2314 3450 rationi
2385 3395 2734 3472 repugnat.

607 3493 841 3579 Neque
901 3494 1071 3559 enim
1128 3517 1246 3559 sua
1305 3514 1629 3578 quemque
1689 3500 1919 3556 natura
1966 3500 2077 3556 aut
2122 3489 2375 3555 indoles
2421 3490 2735 3554 facultate

606 3598 823 3682 aliqua
867 3607 978 3663 aut
1021 3599 1283 3686 ingenio
1333 3606 1545 3678 ornat,
1593 3596 1709 3661 sed
1769 3596 1938 3661 alma
1993 3595 2123 3677 illa,
2185 3618 2379 3679 quam
2438 3594 2736 3659 omnium

605 3703 974 3768 animalium
1023 3712 1291 3768 matrem
1337 3700 1664 3786 appellare
1711 3701 2014 3785 solemne,
2073 3708 2325 3780 natura,
2385 3721 2550 3783 quae
2597 3698 2737 3762 sin-

604 3809 775 3897 gulis
823 3809 995 3874 bona
1053 3831 1170 3873 sua
1229 3806 1558 3872 distribuit
1613 3814 1679 3870 et
1736 3827 1916 3870 suam
1980 3805 2212 3888 cuique
2269 3803 2383 3868 dat
2438 3802 2732 3867 indolem

605 3924 796 3998 atque
842 3914 1237 4001 ingenium.“
1331 3910 1797 3976 Verumtamen
1844 3920 2077 3973 natura
2124 3910 2230 3973 hic
2264 3931 2394 3972 non
2425 3907 2489 3971 id
2525 3908 2734 3994 signi-

607 4021 782 4103 ficat,
829 4017 1007 4103 quod
1056 4015 1506 4083 Andresenius
1554 4013 1910 4095 existimat,
1970 4013 2086 4079 sed
2144 4012 2315 4076 idem
2366 4022 2487 4093 est,
2547 4010 2733 4094 quod

610 4136 788 4191 ortus
821 4126 924 4192 &e
945 4127 1107 4190 butt
1127 4176 1142 4206 r
1191 4122 1361 4188 sicut
1391 4119 1752 4205 reperimus
1783 4117 1959 4203 apud
1992 4117 2256 4182 Terent.
2289 4115 2426 4181 Ad.
2449 4115 2535 4197 V,
2562 4119 2625 4195 7,
2650 4116 2726 4179 3:

610 4230 820 4314 „Hem
869 4239 1054 4316 pater
1099 4230 1207 4311 mi,
1238 4237 1307 4292 tu
1339 4226 1447 4290 hio
1480 4221 1665 4288 eras?
1757 4223 1941 4288 Tuus
1973 4222 2189 4287 hercle
2221 4245 2375 4287 vero
2410 4230 2474 4285 et
2505 4221 2725 4284 animo

1747 4677 1760 4686 μ

1789 4727 1798 4734 .

1406 4765 1429 4776 -Α

1735 4683 1796 4802 E}
