3008 5000
255 1382 978 1463 emendationibus
1044 1268 1374 1462 Tacitlze)3i3
1419 1393 1515 1461 ut
1576 1382 1839 1462 fertur
1900 1382 2202 1486 dialogi
2265 1383 2368 1464 de

253 1498 720 1578 oratoribus
759 1525 806 1577 a
834 1497 1187 1600 Georgio
1205 1497 1742 1596 Andresenio„
1758 1494 1878 1597 (in
1909 1510 2061 1577 act.
2093 1499 2371 1578 societ.

252 1612 652 1720 philolog.
687 1611 1095 1718 Lipsiens.
1132 1610 1631 1805 tqrgiitlssfasc.
1661 1610 1717 1691 Ι.
1752 1611 1897 1715 Pg.
1927 1608 2370 1713 103—183)

256 2001 645 2120 Dialogum
693 2031 773 2097 de
806 2031 1168 2097 oratoribus
1203 2054 1425 2096 omnes
1452 2031 1735 2097 editores
1769 2035 2135 2119 superiores
2168 2054 2376 2118 usque

257 2139 343 2210 ad
388 2139 666 2204 Beatum
712 2137 1123 2219 Rhenanam,
1172 2137 1284 2221 qui
1314 2138 1563 2223 primus
1612 2137 1691 2202 de
1739 2148 2003 2204 auctore
2036 2139 2378 2235 dubitavit,

260 2242 481 2307 Taciti
527 2266 668 2308 esse
701 2242 994 2306 arbitrati
1025 2251 1194 2307 sunt.
1293 2241 1643 2325 Postquam
1680 2265 1832 2307 vero
1866 2242 2128 2328 Lipsius
2176 2243 2379 2329 scrip-

257 2355 396 2411 tum
446 2346 800 2411 declaravit
847 2347 1161 2431 optimum
1208 2367 1373 2427 esse,
1434 2346 1606 2428 stilo,
1662 2347 2087 2429 inventione,
2103 2347 2380 2433 judicio,

260 2453 478 2538 ipsum
524 2460 739 2517 tamen
771 2451 1152 2536 scriptorem
1198 2450 1518 2515 incertum
1565 2473 1707 2517 esse
1738 2451 2186 2536 neminemque
2234 2475 2381 2524 eum

271 2558 539 2623 credere
574 2579 767 2642 posse
799 2556 1100 2621 Tacitum
1145 2556 1369 2638 fuisse,
1418 2558 1726 2640 quoniam
1757 2556 1966 2638 stilus,
2012 2580 2139 2621 non
2186 2557 2381 2622 fallax

260 2661 429 2727 illud
476 2661 734 2746 quidem
766 2662 891 2727 hoc
921 2662 986 2725 in
1021 2684 1256 2747 genere
1289 2669 1764 2747 argumentum,
1809 2660 1999 2726 valde
2043 2669 2385 2749 repugnet,

267 2767 512 2852 quippe
573 2766 684 2849 qui
738 2787 861 2830 nec
921 2773 1128 2829 aetate
1184 2787 1307 2829 nec
1366 2775 1749 2852 argumento
1808 2774 2145 2851 tantopere
2209 2788 2385 2830 com-

266 2870 504 2935 mutari
567 2870 879 2955 potuerit,
947 2877 1018 2932 ut
1076 2892 1114 2932 a
1158 2868 1429 2935 Taciteo
1489 2891 1726 2954 prosus
1774 2868 2137 2934 recederet:
2195 2870 2384 2934 multi

268 2975 447 3039 hunc
501 2973 737 3036 librum
798 2997 835 3036 a
880 2971 1113 3037 Tacito
1172 2971 1543 3058 abjudicare
1608 2973 1824 3037 conati
1870 2983 2052 3054 sunt,
2112 2996 2385 3057 quorum

271 3079 381 3144 alii
413 3078 511 3146 M.
542 3078 821 3142 Fabium
855 3074 1352 3159 Quintilianum,
1401 3077 1533 3141 allii
1565 3075 1641 3142 C.
1673 3077 1957 3142 Plinium
1989 3076 2386 3160 Secundum,

269 3181 381 3247 alii
430 3179 504 3246 C.
553 3179 938 3247 Suetonium
985 3180 1472 3264 Tranquillum,
1533 3180 1640 3244 alii
1699 3181 2019 3245 incertum
2065 3180 2387 3265 quendam

270 3296 603 3351 auctorem
655 3307 795 3350 esse
831 3292 1236 3349 censuerunt.
1332 3282 1550 3364 Quum
1598 3295 1812 3350 autem
1861 3284 2118 3349 codices
2163 3308 2391 3350 manu-

272 3389 503 3474 scripti
533 3412 769 3454 nomen
799 3388 1012 3453 Taciti
1059 3387 1427 3469 exhibeant,
1476 3410 1752 3471 quorum
1802 3411 2124 3455 consensu
2170 3389 2390 3474 hujus-

272 3493 455 3559 modi
502 3493 793 3577 quaestio
842 3491 1304 3577 propemodum
1355 3493 1768 3575 conflciatur,
1827 3515 2156 3577 quumque
2217 3503 2392 3558 aetas

274 3597 646 3682 scriptionis
716 3598 780 3660 in
851 3598 1155 3662 Tacitum
1234 3598 1471 3682 optime
1555 3596 1861 3681 quadret,
1945 3607 2393 3685 argumentum

275 3724 432 3767 vero
481 3725 518 3765 a
565 3702 695 3766 stili
745 3695 1193 3766 convenientia
1250 3702 1593 3786 repetitum
1641 3723 1884 3786 anceps
1937 3702 2027 3768 ,sit
2084 3712 2150 3767 et
2194 3701 2396 3765 lubri-

277 3828 449 3885 cum,
497 3805 645 3888 quia
692 3803 952 3870 dicendi
999 3828 1202 3892 genus
1252 3815 1460 3870 aetate
1508 3813 1792 3869 mutetur
1839 3815 2031 3889 atque
2078 3804 2253 3869 aliud
2297 3828 2398 3869 re-

280 3911 576 3993 quiratur
631 3910 698 3973 in
754 3910 1056 3992 historia,
1126 3908 1301 3974 aliud
1355 3910 1423 3974 in
1480 3910 1779 3997 dialogO,
1849 3933 2049 3994 quum
2118 3908 2396 3992 denique

282 4038 320 4078 a
350 4013 570 4078 Taciti
618 4013 850 4078 studiis
897 4012 1072 4078 haud
1120 4014 1328 4078 aliena
1373 4012 1668 4079 videatur
1714 4014 2008 4097 quaestio
2057 4013 2136 4078 de
2184 4013 2397 4078 causis

285 4125 634 4202 corruptae
682 4119 1121 4202 eloquentiae,
1178 4126 1343 4184 teste
1405 4118 1664 4202 quidem
1709 4117 1924 4182 Plinio
1975 4141 2121 4204 epp.
2168 4117 2225 4199 I,
2283 4118 2397 4182 20:

284 4222 549 4307 plurimi
587 4211 1065 4309 philologorum
1099 4224 1531 4287 recentiorum
1565 4221 1891 4308 dialogum
1926 4222 2004 4286 de
2038 4221 2404 4287 oratoribus
