3008 5000
1460 423 1894 486 „18-

611 600 850 665 minem
898 597 1164 664 habebit
1221 597 1716 687 assentientem,
1784 621 1930 661 nam
2002 606 2260 683 praeter
2327 619 2476 662 eum
2545 619 2738 663 nemo

610 728 741 768 non
780 703 1083 788 dispiciat
1113 702 1438 784 facillime,
1487 702 1757 766 verbum
1804 712 2085 766 armatus
2120 710 2497 788 antegresso
2535 705 2737 765 armis

614 814 963 873 instructus
1013 807 1272 894 egregie
1321 807 1669 870 convenire
1718 816 1783 871 et
1814 806 1894 872 ab
1942 816 2206 871 auctore
2255 830 2388 871 non
2434 807 2572 871 sine
2621 805 2738 869 de-

608 912 784 977 lectu
854 912 1166 996 scriptum
1236 933 1398 975 esse.
1526 908 1659 974 Cfr.
1722 933 1923 997 supra
1993 933 2133 999 cap.
2195 914 2267 975 5:
2351 911 2555 994 „quid
2612 911 2741 974 erit

608 1017 834 1099 tutius,
882 1039 1075 1099 quam
1123 1039 1263 1081 eam
1312 1037 1615 1079 exercere
1661 1023 1897 1096 artem,
1959 1037 2086 1098 qua
2144 1037 2401 1101 semper
2446 1024 2737 1080 armatus

610 1120 1005 1206 praesidium
1050 1121 1272 1184 amicis
1322 1155 1402 1167 -
1453 1119 1838 1183 ultrorferat
1880 1118 2062 1182 —-?“-

786 1226 1039 1291 Eodem·
1111 1249 1252 1310 cap.
1323 1225 1537 1289 medio
1607 1225 1769 1289 haec
1840 1226 2177 1311 leguntur:
2270 1224 2491 1308 „quod
2568 1223 2737 1289 adeo

610 1332 960 1418 negligitur
1006 1330 1087 1394 ab
1136 1331 1363 1395 horum
1409 1340 1779 1415 temporum
1810 1330 2090 1411 disertis,
2137 1340 2209 1394 ut
2252 1329 2319 1394 in
2367 1328 2736 1394 actionibus

614 1459 836 1501 eorum
883 1440 983 1499 ius
1035 1455 1276 1516 quoque
1322 1433 1686 1517 quotidiani
1735 1435 2050 1499 sermonis
2082 1433 2276 1498 foeda
2307 1456 2383 1498 ac
2428 1432 2740 1518 pudenda

610 1540 771 1603 vitia
817 1538 1446 1624 deprehendantur.“
1530 1535 1840 1602 Osannus
1890 1538 2200 1624 conjecit:
2255 1548 2369 1619 „ut
2412 1539 2479 1601 in
2527 1538 2736 1602 actio-

609 1644 801 1708 nibus
849 1667 1070 1710 eorum
1117 1647 1280 1706 vitia
1325 1663 1605 1724 quaeque
1653 1641 2014 1725 quotidiani
2061 1641 2379 1706 sermonis
2428 1640 2623 1705 foeda
2655 1663 2736 1705 ac

609 1747 913 1835 pudenda
981 1747 1580 1832 deprehendantur3
1650 1747 2101 1811 Andresenius
2180 1756 2408 1810 contra
2476 1754 2601 1828 „ut
2665 1746 2735 1810 in

608 1853 973 1918 actionibus
1034 1876 1258 1917 eorum
1317 1855 1580 1934 quaevis
1628 1851 1989 1934 quotidiani
2037 1852 2358 1917 sermonis
2418 1849 2612 1913 foeda
2656 1872 2735 1914 ac

609 1956 918 2043 pudenda
974 1957 1130 2022 vitia
1199 1956 1831 2042 deprehendantur.“
1943 1954 2380 2021 verisimilius
2449 1953 2734 2040 cuipiam

609 2083 1053 2145 usquequaque
1100 2084 1240 2127 esse
1287 2061 1606 2127 videatur.
1669 2120 1672 2121 γ

789 2164 950 2251 Cap.
986 2168 1088 2231 36.
1138 2166 1275 2228 init.
1326 2165 1563 2230 dicitur
1625 2164 1706 2228 de
1754 2163 2122 2228 differentia
2168 2164 2470 2246 antiquae
2518 2173 2584 2227 et
2628 2185 2730 2227 re-

613 2270 920 2335 centioris
957 2269 1392 2352 eloquentiae:
1427 2292 1621 2350 „nam
1655 2269 1777 2332 etsi
1809 2268 2041 2332 horum
2073 2288 2332 2350 quoque
2365 2277 2733 2354 temporum

562 2380 565 2381 ⁷
611 2385 900 2439 oratores
950 2398 1025 2438 ea
1072 2375 1409 2438 consecuti
1456 2384 1629 2454 sunt,
1678 2394 1842 2455 quae
1892 2372 2253 2457 composita
2299 2380 2363 2435 et
2409 2373 2624 2457 quieta
2670 2380 2736 2437 et

612 2478 802 2544 beata
847 2503 915 2544 re
962 2478 1226 2565 publica
1257 2477 1451 2543 tribui
1480 2481 1591 2560 fas
1640 2484 1798 2559 erat,
1845 2485 2060 2542 tamen
2107 2476 2215 2541 illa
2246 2475 2734 2562 perturbatione

612 2606 689 2647 ac
749 2583 1011 2648 licentia
1069 2584 1257 2668 plura
1312 2583 1435 2648 sibi
1494 2586 1754 2663 assequi
1810 2584 2215 2661 videbantur,
2272 2603 2470 2663 quum
2516 2582 2734 2646 mixtis

611 2688 909 2753 omnibus
958 2698 1023 2752 et
1068 2687 1472 2751 moderatore
1530 2709 1661 2750 uno
1720 2687 2091 2750 carentibus
2146 2694 2399 2750 tantum
2457 2686 2733 2771 quisque

611 2804 829 2856 orator
876 2802 1157 2877 saperet,
1204 2802 1521 2875 quantum
1576 2791 1815 2854 erranti
1860 2790 2104 2876 populo
2152 2790 2531 2876 persuaderi
2584 2800 2733 2876 pot-

610 2901 813 2959 erat.“
918 2893 1360 2981 Opponuntur
1427 2896 1534 2960 hic
1593 2895 1818 2959 diserti
1873 2895 2104 2959 horum
2163 2904 2533 2980 temporum
2589 2917 2732 2959 ora-

607 3001 857 3066 toribus
891 3000 1331 3086 superioribus
1365 3012 1558 3085 atque
1590 3009 1959 3084 temporum
1996 2998 2317 3080 condici0,
2363 3021 2526 3081 quae
2559 3020 2732 3063 nunc

609 3116 730 3187 est,
775 3106 890 3187 illi,
938 3129 1101 3189 quae
1147 3114 1284 3170 tum
1332 3114 1488 3187 erat,
1537 3128 1733 3188 quum
1781 3104 1995 3169 omnia
2041 3104 2497 3169 miscebantur.
2591 3104 2733 3167 An-

612 3210 1148 3291 dresenius-vero
1208 3211 1318 3293 qui
1382 3213 1576 3274 tribui
1635 3213 1821 3291 nefas
1883 3208 2151 3295 corrigit
2210 3210 2731 3293 mentionemque

612 3316 752 3380 fieri
809 3325 987 3380 vetat
1059 3316 1137 3379 de
1195 3324 1371 3379 statu
1440 3338 1692 3397 rerum,
1760 3314 1869 3397 qui
1929 3324 2066 3377 tum
2125 3321 2294 3397 erat,
2363 3336 2494 3377 non
2552 3323 2729 3378 recte

613 3420 993 3485 Messallam
1039 3428 1218 3484 ratus
1266 3443 1449 3484 suam
1497 3427 1776 3483 aetatem
1822 3417 2143 3502 appellare
2192 3418 2620 3502 compositam
2666 3425 2730 3481 et

609 3524 891 3608 quietam
941 3533 1004 3587 et
1038 3522 1315 3605 beatam,
1362 3524 1560 3587 tantis
1593 3522 1764 3586 enim
1811 3521 2110 3586 laudibus
2158 3544 2301 3585 eam
2334 3520 2590 3586 demum
2635 3520 2731 3585 rei

610 3628 910 3713 publicae
981 3628 1431 3692 condicionem
1501 3627 1720 3691 ornari
1788 3625 2059 3705 debere,
2128 3648 2320 3709 quam
2386 3625 2453 3690 in
2512 3647 2727 3690 rerum

608 3742 839 3797 natura
871 3754 1190 3814 nusquam
1222 3731 1627 3795 inveniamus
1660 3739 1724 3795 et
1755 3728 2104 3815 cogitando
2138 3738 2390 3794 tantum
2419 3738 2728 3812 tanquam

610 3837 1046 3903 beatissimam
1103 3837 1523 3902 informemus
1571 3874 1654 3884 ——
1704 3858 1771 3901 se
1829 3836 2294 3901 sententiarum
2351 3844 2729 3900 contextum

609 3965 876 4027 prorsus
911 3941 1125 4006 delere
1158 3966 1289 4007 non
1322 3941 1793 4006 animadvertit.
1885 3942 2115 4026 Aeque
2146 3941 2403 4005 inanem
2432 3939 2727 4006 laborem

610 4047 901 4132 suscepit
945 4047 1218 4113 subinde
1265 4048 1397 4133 legi
1431 4047 1706 4133 jubens:
1767 4054 2027 4129 „tamen
2082 4045 2192 4110 illa
2237 4044 2727 4131 perturbatione

610 4173 686 4216 ac
731 4151 995 4216 licentia
1040 4153 1227 4236 plura
1259 4152 1381 4217 sibi
1428 4156 1789 4217 assecuturi
1818 4155 2024 4233 fuisse
2071 4153 2490 4216 videbuntur-‘⁶
2537 4153 2728 4237 cujus
