3008 5000
1126 466 1557 530 -13—

464 643 620 729 Cap.
674 647 773 710 17.
832 644 966 707 init.
1027 643 1094 707 in
1152 641 1500 707 sententia:
1578 664 1776 722 „nam
1837 649 1909 704 ut
1963 640 2043 704 de
2076 637 2392 703 Cicerone

270 751 428 834 ipso
474 750 723 833 loquar,
769 748 990 812 Hirtio
1037 770 1268 831 nempe
1316 756 1381 811 et
1425 746 1646 810 Pansa
1692 745 2087 826 consulibus,
2132 752 2207 807 ut
2236 743 2393 806 Tiro

270 853 558 918 libertus
604 857 742 937 ejus
789 852 1073 937 scripsit,
1129 851 1260 915 VII
1303 850 1450 914 idus
1498 849 1901 914 Decembres
1949 849 2206 912 occisus
2254 849 2392 912 est“

270 957 700 1022 Andresenio
748 956 1052 1041 displicet
1097 957 1458 1040 perfectum
1506 958 1793 1036 scripsit,
1841 953 2018 1037 quod
2065 975 2186 1017 nec
2220 974 2395 1017 com-

274 1062 464 1125 muni
541 1062 825 1124 omnium
907 1059 1301 1143 scriptorum
1381 1081 1502 1123 nec
1574 1059 1767 1144 hujus
1846 1057 2178 1143 scriptoris
2249 1056 2395 1121 usui

271 1165 703 1251 respondeat3
753 1188 898 1249 cap.
946 1167 1023 1228 16
1072 1162 1195 1228 sub
1239 1164 1433 1228 finem
1478 1164 1641 1250 legi:
1693 1183 1883 1247 ,·,nam
1928 1163 2004 1245 si,
2050 1173 2125 1227 ut
2161 1160 2394 1227 Cicero

270 1272 346 1335 in
381 1269 738 1334 Hortensio
787 1268 1036 1349 scribit,
1082 1269 1136 1331 is
1170 1273 1311 1332 est“
1346 1277 1468 1332 cet.
1554 1265 1970 1352 Quapropter
2000 1267 2107 1332 hic
2138 1289 2395 1350 quoque

272 1375 509 1438 scribit
576 1373 1049 1438 restituendum
1118 1371 1369 1437 suadet.
1490 1373 1734 1437 Inscite
1802 1395 1976 1436 vere.
2091 1371 2196 1436 De
2273 1395 2397 1436 usu

268 1480 643 1565 praesentis
690 1478 982 1542 historici
1029 1487 1094 1542 et
1122 1478 1397 1562 perfecti
1428 1500 1696 1562 prorsus
1740 1479 2110 1563 promiscuo
2143 1486 2397 1562 praeter

268 1583 606 1668 permulta
662 1582 787 1645 alia
840 1583 958 1648 cfr.
1006 1581 1177 1666 Nep.
1226 1581 1544 1645 Themist.
1587 1585 1696 1646 10:
1762 1582 1904 1662 „De
1954 1585 2140 1667 cujus
2187 1591 2396 1646 morte

272 1686 678 1751 multimodis
725 1686 898 1770 apud
930 1685 1276 1769 plerosque
1310 1690 1615 1767 scriptum
1646 1698 1763 1766 est,
1813 1685 1929 1750 sed
1965 1708 2084 1751 nos
2118 1686 2395 1750 eundem

272 1791 687 1876 potissimum
734 1790 1187 1876 Thucydidem
1235 1801 1566 1855 auctorem
1614 1792 1998 1876 probamUS,
2057 1794 2166 1874 qui
2213 1792 2395 1856 illum

272 1899 378 1960 ait
446 1894 829 1980 Magnesiae
898 1894 1127 1959 morbo
1199 1905 1557 1977 mortuum,
1627 1919 1835 1979 neque
1901 1907 2125 1978 negat,
2195 1897 2395 1962 fuisse

269 2002 518 2064 famam
567 2042 671 2063 —..
739 1998 923 2064 Idem
997 2023 1143 2064 ossa
1201 2003 1340 2085 ejus
1402 2001 1570 2064 clam
1624 2002 1691 2064 in
1751 2001 1978 2065 Attica
2033 2001 2114 2065 ab
2172 2001 2396 2066 amicis

271 2126 425 2168 esse
483 2104 1135 2189 sepulta-memoriae
1186 2108 1545 2186 prodidit.“
1654 2103 1816 2170 Con.
1855 2110 1924 2169 5:
1988 2103 2277 2188 „Contra
2321 2129 2398 2172 ea

271 2209 502 2272 Dinon
550 2208 1236 2295 historicus-effugisse
1268 2214 1568 2291 scripsit3
1618 2210 1779 2274 illud
1812 2210 2148 2275 addubitat
2179 2219 2395 2275 utrum

269 2312 582 2380 Tiribazo
629 2313 900 2394 sciente,
947 2338 1026 2378 an
1074 2314 1481 2398 imprudente
1531 2315 1615 2379 sit
1662 2317 1967 2380 factum.“

460 2415 618 2503 Cap.
658 2420 758 2481 19.
806 2417 943 2481 init.
1038 2419 1224 2504 Aper
1257 2417 1560 2483 Cassium
1609 2417 1921 2484 Severum
1969 2419 2391 2499 contendens,

272 2523 395 2606 qui
453 2523 696 2607 primus
745 2548 784 2587 a
848 2533 1135 2588 veterum
1195 2525 1563 2608 eloquentia
1620 2524 1983 2605 deflexerit,
2040 2547 2168 2589 non
2215 2525 2393 2589 infir-

266 2626 499 2691 mitate
543 2627 785 2713 ingenii
830 2650 952 2691 nec
999 2629 1257 2692 inscitia
1302 2629 1660 2694 litterarum
1709 2629 1825 2694 sed
1870 2629 2168 2695 consulto
2202 2652 2392 2694 suum

268 2729 537 2795 dicendi
596 2754 802 2817 genus
851 2732 1159 2818 elegisse,
1207 2733 1306 2797 his
1351 2735 1568 2798 verbis
1617 2735 1847 2799 utitur:
1907 2758 2079 2817 „non
2124 2734 2393 2798 infirmi-

266 2846 410 2899 tate
469 2836 743 2921 ingenii,
802 2859 922 2900 nec
980 2838 1237 2901 inscitia
1295 2837 1654 2902 litterarum
1717 2839 2122 2903 transtulisse
2179 2861 2247 2903 se
2308 2838 2391 2903 ad

268 2944 439 3005 illud
482 2963 686 3026 genus
735 2940 994 3004 dicendi
1044 2941 1390 3024 contendo,
1437 2942 1555 3007 sed
1592 2943 1844 3028 judicio
1890 2954 1954 3007 et
1993 2942 2386 3008 intellectu.“

269 3044 410 3109 Hic
456 3044 907 3109 Andresenius
954 3068 1072 3110 nos
1121 3069 1197 3110 eo
1247 3049 1600 3134 confugere
1646 3057 1843 3129 vetat,
1889 3056 1962 3112 ut
2008 3051 2167 3112 illud
2213 3047 2390 3112 dica-

269 3172 421 3214 mus
466 3149 640 3215 idem
687 3172 828 3215 esse
877 3161 1068 3235 atque
1116 3151 1204 3231 id,
1253 3152 1425 3235 quod
1475 3152 1661 3218 vobis
1694 3153 1993 3218 omnibus
2027 3163 2252 3218 notum
2285 3153 2389 3235 sit,

268 3278 424 3318 nam
473 3254 526 3344 si
573 3255 698 3319 hoc
745 3255 1021 3339 scriptor
1067 3256 1400 3336 voluisset,
1448 3256 1530 3320 ad
1564 3257 1932 3339 discrimen,
1980 3257 2153 3340 quod
2194 3258 2390 3322 inter-

270 3357 467 3423 cedat
523 3359 691 3423 inter
744 3358 907 3424 haec
964 3359 1092 3424 duo
1149 3361 1556 3443 eloquentiae
1614 3384 1886 3449 genera,
1954 3362 2390 3427 definiendum

266 3464 641 3528 necessario
692 3462 1038 3527 dicendum
1085 3464 1283 3529 fuisse
1331 3469 1416 3529 ad
1459 3488 1685 3530 novum
1724 3470 1884 3531 illud
1913 3470 2165 3531 dicendi
2192 3488 2388 3549 genus

271 3565 378 3630 vel
445 3567 651 3630 simile
720 3565 1062 3650 quiddam,
1133 3553 1329 3651 quare
1401 3593 1470 3634 se
1528 3570 2090 3655 persuasissimum
2150 3571 2389 3635 habere

269 3669 730 3756 corrigendum
811 3694 983 3736 esse:
1073 3674 1541 3752 „transtulisse
1627 3699 1695 3741 se
1772 3676 1854 3740 ad
1930 3680 2108 3741 aliud
2178 3698 2387 3762 genus

269 3774 596 3838 dicendi.“
704 3775 890 3841 Haec
944 3785 1162 3842 tamen
1222 3779 1608 3844 emendandi
1656 3782 2010 3846 necessitas
2056 3780 2213 3845 mihi
2258 3803 2387 3845 non

265 3880 495 3961 liquet,
544 3879 863 3962 siquidem
910 3884 1070 3944 illud
1112 3882 1153 3945 i.
1205 3905 1264 3965 q.
1312 3894 1525 3948 notum
1568 3886 1758 3966 valet,
1806 3895 1878 3949 ut
1919 3908 2386 3971 saepenumero

271 3984 389 4048 cfr.
441 3981 579 4047 Cic.
627 3983 810 4049 Brut.
848 3988 888 4049 4
934 3986 1097 4050 illud
1143 3986 1531 4053 Hesiodium
1574 3990 1880 4054 laudatur
1926 4015 1963 4055 a
2010 3990 2242 4057 doctiS.

450 4086 610 4172 Cap.
660 4091 763 4153 23.
825 4090 1036 4155 medio
1085 4092 1454 4179 corrigendi
1515 4095 1934 4180 cupiditatem
1992 4095 2385 4161 Andresenii

269 4192 626 4257 incendunt
670 4193 910 4259 haecce
967 4196 1198 4261 verba:
1262 4222 1418 4279 „vos
1467 4222 1619 4264 vero
1666 4200 2093 4285 disertissimi,
2149 4211 2220 4266 ut
2264 4225 2384 4287 po-
