3008 5000
286 685 649 751 sententiae
683 693 916 749 natura
945 684 1430 769 interpretando
1471 687 1876 769 asciscimus,
1924 709 2116 770 quum
2164 687 2230 750 in
2253 688 2417 785 ,ipsa

283 792 453 856 vo‘ce
510 814 627 876 per
697 813 766 855 se
837 798 1128 874 spectata
1186 791 1346 854 nihil
1413 791 1569 856 insit
1621 792 2163 877 reprehensionis.
2268 791 2416 855 Nec

283 919 442 976 vox,
489 917 682 978 quam
732 893 957 958 dicunt
1001 894 1315 976 mediam,
1374 895 1416 961 i.
1467 919 1521 961 e.
1570 897 1635 959 in
1683 919 1812 979 qua
1856 897 1999 981 ipsa
2045 896 2200 960 nihil
2246 896 2416 960 inest

284 1009 406 1064 aut
448 1000 658 1064 laudis
707 1009 818 1064 aut
863 1000 1394 1084 vituperationiS,
1453 1024 1598 1066 cum
1659 1002 1893 1084 altera,
1952 1001 2018 1065 in
2068 1004 2252 1086 cujus
2299 1025 2414 1065 no-

284 1103 469 1168 tione
516 1104 808 1168 inhaeret
854 1103 1243 1189 vituperatio
1305 1126 1381 1168 eo
1430 1105 1578 1169 loco
1630 1107 1938 1192 conjungi
1987 1113 2233 1190 potest,
2302 1105 2415 1168 ubi

283 1216 632 1292 utramque
679 1231 907 1272 vocem
956 1208 1245 1294 ejusdem
1307 1210 1561 1295 generis
1620 1233 1761 1275 esse
1821 1219 2099 1294 oportet.
2194 1207 2413 1290 Quare

283 1316 618 1377 erroribus
666 1312 1046 1376 mutandum
1082 1322 1180 1376 est
1208 1313 1274 1376 in
1307 1314 1656 1378 moribus.“
1748 1317 1991 1378 Fabula
2021 1325 2237 1378 tamen
2282 1336 2413 1377 non

284 1441 545 1503 semper
592 1426 693 1482 est
730 1441 859 1481 vox
904 1416 1140 1499 media,
1180 1420 1260 1481 'ut
1292 1442 1407 1502 par
1455 1420 1539 1483 sit
1571 1420 1874 1500 sermoni,
1921 1441 2083 1502 quae
2132 1429 2231 1483 est
2275 1419 2413 1482 An-

286 1522 573 1587 dresenii
620 1523 1065 1606 interpretatio
1114 1522 1229 1586 sed
1289 1523 1475 1587 multi
1527 1514 1783 1588 exstant
1827 1523 1987 1604 loci,
2035 1523 2147 1587 ubi
2192 1524 2256 1587 in
2301 1546 2413 1587 vo-

284 1627 522 1692 cabulo
555 1627 809 1691 fabulae
841 1625 1084 1710 aliquid
1116 1627 1287 1692 inest
1315 1627 1833 1712 vituperationiS,
1877 1636 1950 1693 ut
1979 1627 2152 1695 idem
2183 1627 2414 1706 valeat,

283 1732 466 1816 quod
535 1732 816 1796 narratio
887 1733 981 1796 rei
1047 1732 1257 1796 fictae.
1352 1729 1487 1796 Cfr.
1538 1729 1681 1798 Cic.
1735 1732 1884 1797 Div.
1931 1732 2030 1814 II,
2093 1734 2207 1796 55:
2257 1755 2412 1797 num

283 1838 489 1923 igitur
548 1861 650 1901 me
709 1837 890 1923 cogis
946 1837 1139 1901 etiam
1199 1836 1434 1901 fabulis
1495 1836 1803 1901 credere?
1898 1838 2158 1903 Terent.
2206 1837 2413 1902 Andr.

280 1941 375 2022 V,
425 1944 486 2022 4,
529 1944 650 2006 22:
708 1942 992 2007 fabulam
1048 1941 1362 2026 inceptat.
1453 1939 1648 2006 Ovid.
1693 1942 1855 2006 Met.
1903 1943 1998 2024 X,
2047 1944 2207 2005 561:
2254 1941 2412 2006 Non

280 2046 508 2111 fabula
552 2070 771 2110 rumor
816 2047 924 2111 ille
971 2047 1111 2110 fuit.
1204 2046 1435 2109 Horat.
1487 2042 1704 2109 Carm.
1755 2045 1807 2126 Ι,
1855 2048 1917 2128 4,
1981 2048 2091 2110 16:
2149 2046 2302 2112 Jam
2347 2056 2412 2110 te

281 2159 539 2236 premet
583 2174 710 2213 nox
742 2149 1148 2233 fabulaeque.
1243 2150 1422 2213 Pers.
1460 2148 1543 2230 V,
1584 2151 1735 2213 152:
1792 2148 1953 2213 cinis
1987 2159 2062 2212 et·
2082 2173 2301 2215 manes
2350 2159 2415 2214 et

283 2256 507 2320 fabula
552 2255 690 2320 fieS.
785 2256 1050 2320 Martial
1100 2255 1263 2336 XII,
1313 2257 1418 2336 25,
1469 2256 1540 2319 5:
1600 2255 1833 2320 Dulcis
1880 2254 1944 2318 in
1993 2255 2219 2340 Elysio
2267 2279 2412 2319 nar-

281 2362 449 2426 raris
506 2361 726 2424 fabula
787 2384 1037 2445 camp0.
1144 2360 1427 2425 Videtur
1489 2369 1706 2424 autem
1774 2360 1992 2424 verbis
2052 2362 2293 2442 fabulis
2353 2371 2412 2424 et

283 2469 617 2531 erroribus
667 2466 929 2530 omnino
977 2464 1338 2551 hendiadys
1388 2463 1723 2546 contineri,
1770 2458 2255 2548 quod'dicendi
2298 2487 2411 2551 ge-

287 2572 806 2657 nuspraecipue
854 2594 891 2634 a
936 2571 1168 2634 Tacito
1216 2572 1696 2654 frequentatum
1758 2591 1899 2634 esse
1938 2571 2074 2655 jam
2123 2568 2412 2633 animad-

285 2676 484 2742 vertit
539 2677 881 2761 Zumptius
949 2700 1220 2762 gramm.
1269 2676 1379 2739 lat.
1451 2676 1487 2759 ξ
1552 2678 1699 2738 741.
1750 2683 1912 2739 extr.
2029 2672 2222 2738 Certe
2290 2674 2412 2738 hac

280 2780 499 2867 figura
545 2804 675 2844 non
724 2779 1008 2844 admissa
1053 2803 1179 2843 vox
1227 2782 1555 2844 erroribus
1604 2802 1836 2864 parum
1884 2787 1982 2843 est
2029 2778 2332 2845 dilucida.

462 2885 691 2949 Paullo
725 2894 878 2970 post
913 2884 1180 2949 offendit
1202 2883 1653 2948 Andresenius
1687 2885 1753 2946 in
1781 2883 2031 2948 verbis:
2067 2897 2412 2968 „quotum-

291 3012 608 3073 quemque
654 2990 975 3071 invenies,
1023 2990 1136 3073 qui
1183 2989 1355 3053 domi
1391 2987 1747 3072 quidquam
1794 2988 1971 3052 aliud
2017 2987 2410 3071 loquatur?“

290 3087 673 3160 Ser'monem
732 3095 901 3158 enim
958 3116 1101 3158 esse
1148 3094 1243 3156 ait
1295 3092 1374 3157 de
1413 3096 1730 3178 juvenum
1778 3101 1842 3155 et
1898 3092 2410 3157 adolescentium

290 3221 426 3262 non
500 3198 580 3261 de
658 3199 944 3262 omnium
1017 3196 1300 3281 cujusvis
1379 3196 1609 3261 aetatis
1686 3195 2038 3262 hominum.
2097 3196 2408 3261 moribus.

283 3303 512 3386 Itaque
559 3303 779 3368 Nastii
824 3302 1390 3388 interpretatione:
1451 3302 1601 3386 „mie
1658 3302 1767 3367 niel
1830 3302 2008 3379 finbet
2065 3321 2199 3368 mnu
2255 3305 2410 3383 mubl

276 3410 457 3492 junge
505 3408 705 3489 sseute,
770 3410 860 3473 bie
917 3427 983 3493 311
1031 3410 1223 3486 {must
1285 3425 1397 3472 mm
1459 3416 1585 3471 mu&
1646 3408 1910 3471 nuberent
1971 3407 2262 3484 {nrecbexffl
2312 3391 2446 3469 in-‘

283 3511 522 3578 ductus
578 3523 733 3597 post
785 3523 1336 3594 quatumquemque
1392 3511 1557 3574 vult·
1561 3516 1858 3592 juvenum
1904 3510 2119 3574 inseri.
2219 3509 2410 3574 Hanc

279 3616 495 3702 ipsam
552 3640 707 3681 vero
778 3617 861 3680 ob
923 3639 1220 3697 causam,
1288 3616 1478 3679 facile
1539 3614 1859 3699 quispiam
1922 3614 2409 3695 contradixerit,

284 3721 460 3806 quod
507 3721 613 3785 hic
671 3720 866 3784 modo
927 3720 1008 3784 de
1066 3719 1573 3785 adolescentulis
1639 3718 2015 3801 disseritur,
2084 3742 2215 3784 non
2265 3741 2408 3783 esse

277 3824 570 3908 videtur,
641 3849 760 3890 cur
788 3830 1083 3907 juvenum
1140 3826 1591 3905 inferciamUS,
1661 3822 1836 3907 quod
1894 3845 2130 3908 nomen
2174 3846 2291 3909 per
2338 3846 2408 3888 se

273 3929 741 4017 jam'alienum
789 3931 1002 4013 etiam,
1052 3932 1107 3995 si
1153 3930 1412 3996 omnino
1460 3939 1635 3994 esset
1679 3927 2119 4008 inserendum,
2157 3930 2294 4014 jam
2340 3929 2407 3993 in

280 4034 603 4099 sententia
659 4035 1082 4100 antecedente
1158 4043 1310 4120 post
1367 4032 1760 4098 vocabulum
1821 4035 2120 4096 obsessus
2189 4031 2407 4096 locum

281 4162 511 4224 capere
558 4138 906 4205 debuisset.
1000 4138 1147 4203 Nos
1194 4148 1408 4203 tamen
1455 4158 1578 4200 nec
1634 4135 1701 4199 in
1749 4137 2128 4219 quaestione
2177 4136 2407 4220 prima,

278 4265 403 4308 nec
449 4244 513 4306 in
562 4243 850 4308 secunda
894 4242 1095 4308 ullum
1157 4243 1515 4329 genitivum
1566 4240 2040 4321 desideramus,
2101 4240 2405 4323 quoniam

1974 4351 2053 4408 3*
